@article{hohenberg1964inhomogeneous,
  title={Inhomogeneous electron gas},
  author={Hohenberg, Pierre and Kohn, Walter},
  journal={Physical review},
  volume={136},
  number={3B},
  pages={B864},
  year={1964},
  publisher={APS}
}


@inproceedings{thomas1927calculation,
  title={The calculation of atomic fields},
  author={Thomas, Llewellyn H},
  booktitle={Mathematical Proceedings of the Cambridge Philosophical Society},
  volume={23},
  number={5},
  pages={542--548},
  year={1927},
  organization={Cambridge University Press}
}


@article{fermi1927metodo,
  title={Un metodo statistico per la determinazione di alcune priorieta dellâ€™atome},
  author={Fermi, Enrico},
  journal={Rend. Accad. Naz. Lincei},
  volume={6},
  number={602-607},
  pages={32},
  year={1927}
}


@article{langreth1975exchange,
  title={The exchange-correlation energy of a metallic surface},
  author={Langreth, David C and Perdew, John P},
  journal={Solid State Communications},
  volume={17},
  number={11},
  pages={1425--1429},
  year={1975},
  publisher={Elsevier}
}


@article{kohn1965self,
  title={Self-consistent equations including exchange and correlation effects},
  author={Kohn, Walter and Sham, Lu Jeu},
  journal={Physical review},
  volume={140},
  number={4A},
  pages={A1133},
  year={1965},
  publisher={APS}
}


@article{herring1940new,
  title={A new method for calculating wave functions in crystals},
  author={Herring, Conyers},
  journal={Physical Review},
  volume={57},
  number={12},
  pages={1169},
  year={1940},
  publisher={APS}
}


@article{phillips1959new,
  title={New method for calculating wave functions in crystals and molecules},
  author={Phillips, James C and Kleinman, Leonard},
  journal={Physical Review},
  volume={116},
  number={2},
  pages={287},
  year={1959},
  publisher={APS}
}

@article{hamann1979norm,
  title={Norm-conserving pseudopotentials},
  author={Hamann, DR and Schl{\"u}ter, M and Chiang, C},
  journal={Physical Review Letters},
  volume={43},
  number={20},
  pages={1494},
  year={1979},
  publisher={APS}
}


@article{troullier1991efficient,
  title={Efficient pseudopotentials for plane-wave calculations},
  author={Troullier, Norman and Martins, Jos{\'e} Lu{\'\i}s},
  journal={Physical review B},
  volume={43},
  number={3},
  pages={1993},
  year={1991},
  publisher={APS}
}


@article{blochl1994projector,
  title={Projector augmented-wave method},
  author={Bl{\"o}chl, Peter E},
  journal={Physical review B},
  volume={50},
  number={24},
  pages={17953},
  year={1994},
  publisher={APS}
}


