@inproceedings{glaser2005enrichment,
  title={About the enrichment limit for research reactor conversion: Why 20\%?},
  author={Glaser, Alexander},
  booktitle={The 27th International Meeting on Reduced Enrichment for Research and Test Reactors (RERTR)},
  year={2005},
  month={Nov},
  address = {Boston, Massachusetts},
}

@book{international2005iaea,
  title={Management of High Enriched Uranium for Peaceful Purposes: 
Status and Trends},
  author = {IAEA},
  series={TECDOC Series},
  number={1452},
  year={2005},
  isbn={92-0-105405-X},
  url={https://www.iaea.org/publications/7146/management-of-high-enriched-uranium-for-peaceful-purposes-status-and-trends},
  publisher={International Atomic Energy Agency},
  address={Vienna}
}


@article{donnelly1980,
title = {INFCE and US non-proliferation policy},
journal = {Energy Policy},
volume = {8},
number = {4},
pages = {335-338},
year = {1980},
issn = {0301-4215},
doi = {https://doi.org/10.1016/0301-4215(80)90110-X},
url = {https://www.sciencedirect.com/science/article/pii/030142158090110X},
author = {Warren H. Donnelly},
}

@book{serber1992alamos,
  title={The Los Alamos Primer: The First Lectures on How to Build an Atomic Bomb},
  author={Serber, Robert},
  year={1992},
  publisher={University of California Press}
}

@book{national2016reducing,
  title={Reducing the Use of Highly Enriched Uranium in Civilian Research
    Reactors},
  author={{National Academies of Sciences, Engineering, and Medicine}},
  year={2016},
  publisher={National Academies Press},
address   = {Washington, DC}
}

@book{national2012progress,
  title={Progress, Challenges, and Opportunities for Converting U.S. and Russian Research Reactors: A Workshop Report},
  author={{National Research Council}},
  year={2012},
  publisher={National Academies Press},
  address   = {Washington, DC}
}



@book{kaufmann1962nuclear,
  title={Nuclear Reactor Fuel Elements: Metallurgy and Fabrication},
  author={Kaufmann, Albert R.},
  year={1962},
  publisher={Interscience Publishers},
  address={New York}
}

@article{meyer2014irradiation,
  title={Irradiation Performance of {U}-{Mo} Monolithic Fuel},
  author={Meyer, M. K. and Gan, J. and Jue, J. F. and Keiser, D. D. and
          Perez, E. and Robinson, A. and Wachs, D. M. and Woolstenhulme, N. and
          Hofman, G. L. and Kim, Y. S.},
  journal=nucet,
  volume={46},
  number={2},
  pages={169--182},
  year={2014},
  publisher={Elsevier}
}

@article{burkes2021thermal,
  title={Thermal properties of {U--Mo} alloys irradiated under high fission power density},
  author = {Douglas E. Burkes and Ian J. Schwerdt and Tanja K. Huber and Harald Breitkreutz and Christian Reiter and Winfried Petry and Jason L. Schulthess and Andrew M. Casella and Amanda J. Casella and Edgar C. Buck and Karl N. Pool and Paul J. MacFarlan and Matthew K. Edwards and Frances N. Smith},
  journal=jnm,
  volume={547},
  pages={152823},
  year={2021},
  publisher={Elsevier}
}

@article{pugh1961swelling,
  title={Swelling in alpha uranium due to irradiation},
  author={Pugh, SF},
  journal=jnm,
  volume={4},
  number={2},
  pages={177--199},
  year={1961},
  doi ="10.1016/0022-3115(61)90126-X",
  publisher={Elsevier}
}

@techreport{loomis1962swelling,
  title={Swelling of Uranium and Uranium Alloys on Postirradiation Annealing},
  author={Loomis, BA and Pracht, DW},
  year={1962},
  institution={Argonne National Laboratory, Argonne, Illinois, USA}
}

@inproceedings{chiswik1958osti,
title = {ADVANCES IN THE PHYSICAL METALLURGY OF URANIUM AND ITS ALLOYS},
author = {Chiswik, H H and Dwight, A E and Lloyd, L T and Nevitt, M V and Zegler, S T},
booktitle={Second United Nations International Conference on the Peaceful Uses of Atomic Energy},
month = {june},
year = {1958},
organization={Argonne National Laboratory, Lemont, Illinois, USA}
}

@incollection{farrell2012,
title = {5.07 - Performance of Aluminum in Research Reactors},
editor = {Rudy J.M. Konings},
booktitle = {Comprehensive Nuclear Materials},
publisher = {Elsevier},
address = {Oxford},
pages = {143-175},
year = {2012},
isbn = {978-0-08-056033-5},
doi = {https://doi.org/10.1016/B978-0-08-056033-5.00113-0},
url = {https://www.sciencedirect.com/science/article/pii/B9780080560335001130},
author = {K. Farrell},
}

@techreport{white1957,
title={Irradiation Behavior of Dispersion Fuels},
author={White, D. W. and Beard, A. P. and Willis, A. H.},
year = {1957},
institution = {Knolls Atomic Power Laboratory},
url = {https://www.osti.gov/biblio/4317012}
}

@inproceedings{sannen2014,
author = {Sannen, Leo and van den Berghe, Sven and Leenaers, Ann},
title = {Status of the Low Enriched Uranium Fuel Development for High Performance Research Reactors},
year = {2014},
month = {12},
volume = {94},
pages = {43--54},
booktitle = {{6th Forum on New Materials - Part B}},
series = {Advances in Science and Technology},
publisher = {Trans Tech Publications Ltd},
doi = {10.4028/www.scientific.net/AST.94.43},
}

@article{meyer2000irradiation,
  title={Irradiation Behavior of {U$_6$Mn}--{Al} Dispersion Fuel Elements},
  author={Meyer, M. K. and Wiencek, T. C. and Hayes, S. L. and Hofman, G. L.},
  journal=jnm,
  volume={278},
  number={2},
  pages={358--363},
  year={2000},
  publisher={Elsevier},
  doi = "10.1016/S0022-3115(99)00280-9"
}

@article{hofman1987irradiation,
  title={Irradiation Behavior of Low-Enriched {U$_6$Fe}-{Al} Dispersion Fuel
         Elements},
  author={Hofman, G. L. and Domagala, R. F. and Copeland, G. L.},
  journal=jnm,
  volume={150},
  number={2},
  pages={238--243},
  year={1987},
  publisher={Elsevier},
    doi = "10.1016/0022-3115(87)90079-1"
}



@article{donze1959stabilisation,
  title={Stabilisation de la Phase $\gammaup$ Dans Les Alliages Ternaires a Base d'Uranium-Molybdene},
  author={Donz{\'e}, G and Cabane, G},
  journal=jnm,
  volume={1},
  number={4},
  pages={364--373},
  year={1959},
  doi = "10.1016/0022-3115(59)90034-0",
  publisher={Elsevier}
}

  title={Formation de phases de transition dans l'alliage {U}-7, 5\% {Nb}-2, 5\% {Zr}},
@article{giraud1973formation,
  author={Giraud-Heraud, F and Guillaumin, J},
  title = "Transition Phase Formation in {U-7,5\% Nb-2,5\%Zr} Alloy",
  journal=actametal,
  volume={21},
  number={9},
  pages={1243--1252},
  year={1973},
  publisher={Elsevier},
    doi = "10.1016/0001-6160(73)90165-X"
}

@article{lopes2013mechanical,
  title={Mechanical and Thermal Behaviour of {U--Mo} and {U}--{Nb}--{Zr} Alloys},
  author={Lopes, Denise Adorno and Restivo, Thomaz Augusto Guisard and Padilha, Angelo Fernando},
  journal=jnm,
  volume={440},
  number={1},
  pages={304--309},
  year={2013},
  publisher={Elsevier},
    doi = "10.1016/j.jnucmat.2013.05.014"
}

@techreport{saller1956study,
  title={A Study of Aluminum-Uranium Alloys},
  author={Saller, Henry A and Dickerson, Ronald F and Rough, Frank A and Foster, Ellis L and Bauer, Arthur A and Lulay, John R},
  year={1956},
  institution={Battelle Memorial Institute, Columbus, Ohio (USA)}
}

@techreport{bostrom1957,
title = {The Metastable Gamma Phase in Uranium Base Molybdenum Alloys},
author = {Bostrom, W A and Halteman, E K},
doi = {10.2172/4347373},
url = {https://www.osti.gov/biblio/4347373},
year = {1956},
month = {10},
institution={Westinghouse Electric Corporation, Bettis Plant, Pittsburgh (USA)}
}

@article{prabhakaran2017u,
  title={U-Mo Monolithic Fuel for Nuclear Research and Test Reactors},
  author={Prabhakaran, Ramprashad},
  journal={JOM},
  volume={69},
  number={12},
  pages={2529--2531},
  year={2017},
  doi = "https://doi.org/10.1007/s11837-017-2612-3",
  publisher={Springer}
}


@article{williams2017post,
  title={Post-Irradiation Non-Destructive Analyses of the AFIP-7 Experiment},
  author={Williams, WJ and Robinson, AB and Rabin, BH},
  journal={JOM},
  volume={69},
  number={12},
  pages={2546--2553},
  year={2017},
  doi = "https://doi.org/10.1007/s11837-017-2552-y",
  publisher={Springer}
}

@article{okamoto2012mo,
  title={{Mo-U} (molybdenum-uranium)},
  author={Okamoto, H},
  journal=jped,
  volume={33},
  number={6},
  pages={497--497},
  year={2012},
  publisher={Springer}
}

@techreport{horak1973operating,
  title={Operating Experience with Uranium--Molybdenum Fuel in Pulsed Reactors},
  author={Horak, J. A. and Reuscher, J. A. and Sasmor, D. J.},
  year={1973},
  institution={Sandia Laboratories, Albuquerque, New Mexico(USA)}
}


@techreport{cottrell1964development,
  title={Development and Performance of Dounreay Fast Reactor Metal Fuel},
  author={Cottrell, S. A. and Edmonds, E. and Higginson, P. and Oldfield, W.},
  year={1964},
  institution={United Kingdom Atomic Energy Authority. Industrial Group. Dounreay}
}


@book{no2003iaea,
  title={Development Status of Metallic, Dispersion and Non-oxide Advanced and Alternative Fuels for Power and Research Reactors},
  author={{IAEA}},
  series={TECDOC Series},
  number={1374},
  year={2003},
  isbn={92-0-110303-4},
  url={https://www.iaea.org/publications/6815/development-status-of-metallic-dispersion-and-non-oxide-advanced-and-alternative-fuels-for-power-and-research-reactors},
  publisher={International Atomic Energy Agency},
  address={Vienna}
}

%@article{no20031374,
  title={Development status of metallic, dispersion and non-oxide advanced and alternative fuels for power and research reactors},
  author={International Atomic Energy Agency},
  journal={Nuclear Fuel Cycle and Material Section},
  year={2003}
}

@article{leenaers2004post,
  title={Post-Irradiation Examination of Uranium--7wt\% Molybdenum Atomized
         Dispersion Fuel},
  author={Leenaers, Ann and Van den Berghe, S. and Koonen, E. and Jarousse, C.
          and Huet, F. and Trotabas, M. and Boyard, M. and Guillot, S. and
          Sannen, L. and Verwerft, M.},
  journal=jnm,
  volume={335},
  number={1},
  pages={39--47},
  year={2004},
  publisher={Elsevier}
}

@article{jue2014microstructural,
  title={Microstructural characteristics of HIP-bonded monolithic nuclear fuels with a diffusion barrier},
  author={Jue, Jan-Fong and Keiser, Dennis D. and Breckenridge, Cynthia R. and
          Moore, Glenn A. and Meyer, Mitchell K.},
  journal=jnm,
  volume={448},
  number={1},
  pages={250--258},
  year={2014},
  publisher={Elsevier}
}

@article{van2008transmission,
  title={Transmission Electron Microscopy Investigation of Irradiated
         {U}--{7wt\%} {Mo} Dispersion Fuel},
  author={Van den Berghe, Sven and Van Renterghem, Wouter and Leenaers, Ann},
  journal=jnm,
  volume={375},
  number={3},
  pages={340--346},
  year={2008},
  publisher={Elsevier}
}

@article{olander2009growth,
  title={Growth of the interaction layer around fuel particles in dispersion fuel},
  author={Olander, D.},
  journal=jnm,
  volume={383},
  number={3},
  pages={201--208},
  year={2009},
  publisher={Elsevier}
}

%@misc{osti_10163384,
title = {Uranium swelling in {N-Reactor} ({PT-NR-4}, {Sup. A}, {Report No. 1})},
author = {Guay, A E},
howpublished = "{United States. \url{https://www.osti.gov/biblio/10163384}}",
doi = {10.2172/10163384},
url = {https://www.osti.gov/biblio/10163384}, 
year = {1965},
place = {United States},
month = {9}
}

@techreport{guay1965,
  title={Uranium Swelling in {N-Reactor} {(PT-NR-4, Sup. A, Report No. 1)}},
  author={Guay, AE},
  year={1965},
  institution={General Electric, Hanford Atomic Products, Richland, Washington (USA)}
}


@article{miller2012advantages,
  title ="Advantages and Disadvantages of Using a Focused Ion Beam to Prepare
          {TEM} Samples from Irradiated {U}--10{Mo} Monolithic Nuclear Fuel",
  author = "Miller, Brandon D. and Gan, Jian and Madden, James and
            Jue, Jan-Fong and Robinson, A. and Keiser, D. D.",
  journal = jnm,
  volume = 424,
  number = 1,
  pages = "38--42",
  doi = "10.1016/j.jnucmat.2012.01.022",
  year = 2012,
}

@article{gan2010transmission,
  title={Transmission Electron Microscopy Characterization of Irradiated
         {U}--7{Mo}/{Al}--2{Si} Dispersion Fuel},
  author={Gan, Jian and Keiser, D. D. and Wachs, Dan M. and Robinson, Adam B.
          and Miller, Brandon D. and Allen, Todd R.},
  journal=jnm,
  volume={396},
  number={2},
  pages={234--239},
  doi = "10.1016/j.jnucmat.2009.11.015",
  year={2010},
  publisher={Elsevier}
}

@techreport{travelli1980current,
  title={Current Status of the {RERTR} Program},
  author={Travelli, Armando},
  year={1980},
  institution={Argonne National Laboratory, Illinois (USA)}
}

@article{snelgrove1997development,
  title={Development of Very-High-Density Low-Enriched-Uranium Fuels},
  author={Snelgrove, James L. and Hofman, G. L. and Meyer, M. K. and
          Trybus, C. L. and Wiencek, T. C.},
  journal=nuced,
  volume={178},
  number={1},
  pages={119--126},
  year={1997},
  publisher={Elsevier},
    doi = "10.1016/S0029-5493(97)00217-3"
}

@inproceedings{wilson2017us,
  title={US high performance research reactor conversion program: an overview on element design},
  author={Wilson, EH and Bergeron, A and Stillman, JA and Heltemes, TA and Jaluvka, D and Jamison, L},
  booktitle={Proceedings of the 2017 European Research Reactor Conference},
  year={2017},
  organization={RRFM Rotterdam, Netherlands}
}


@inproceedings{vandenberghe2010,
author = {van den Berghe, Sven and Leenaers, Ann and Koonen, Edgar and Sannen, Leo},
title = {From High to Low Enriched Uranium Fuel in Research Reactors},
year = {2011},
month = {1},
volume = {73},
pages = {78--90},
booktitle = {Advances in Science and Technology},
publisher = {Trans Tech Publications Ltd},
doi = {10.4028/www.scientific.net/AST.73.78}
}

@techreport{saller1954transformation,
  title={{Transformation Kinetics of Uranium-Molybdenum Alloys}},
  author={Saller, Henry Andrew and Rough, FA and Bauer, AA},
  year={1954},
  institution={Battelle Memorial Instite, Columbus, Ohio (USA)}
}

@article{montgomery2009,
author = {Alexander H. Montgomery and Scott D. Sagan},
title ={The Perils of Predicting Proliferation},
journal = {Journal of Conflict Resolution},
volume = {53},
number = {2},
pages = {302-328},
year = {2009},
doi = {10.1177/0022002708330581},
URL = {https://doi.org/10.1177/0022002708330581} 
}

@techreport{wimett1965fast,
  title={Fast Burst Reactors in the USA},
  author={Wimett, Thomas F},
  year={1965},
  institution={Los Alamos Scientific Laboratory, Los Alamos, New Mexico (USA)}
}

@techreport{mihalczo1969static,
  title={Static and Dynamic Measurements with the Army Pulse Radiation Facility Reactor.},
  author={Mihalczo, JT},
  year={1969},
  institution={Oak Ridge National Laboratory, Tennessee (USA)}
}

@techreport{bonzon1973sandia,
  title={Sandia Pulsed Reactor II (SPR II): Experimenter's Manual},
  author={Bonzon, LL and Snyder, JA},
  year={1973},
  institution={Sandia Laboratories, Albuquerque, New Mexico(USA)}
}

@techreport{matthews1964performance,
  title={Performance and operation of the Dounreay fast reactor},
  author={Matthews, RR and Phillips, JL and Henry, KJ and Allardice, RH and Donaldson, DM and Tilbe, HE},
  year={1964},
  institution={United Kingdom Atomic Energy Authority, Caithness, Scotland (United Kingdom)}
}



