@article{hartree,
  title={The wave mechanics of an atom with a non-Coulomb central field. Part I. Theory and methods},
  author={Hartree, Douglas R},
  journal={Mat. Proc. Cambridge Philos. Soc.},
  volume={24},
  pages={89},
  year={1928},
  publisher={Cambridge University Press}
}

@article{herring1940new,
  title={A new method for calculating wave functions in crystals},
  author={Herring, Conyers},
  journal=pr,
  volume={57},
  number={12},
  pages={1169},
  year={1940},
  publisher={APS}
}

@article{blochl1994projector,
  title={Projector augmented-wave method},
  author={Bl{\"o}chl, Peter E.}, 
  journal=prb,
  volume={50},
  number={24},
  pages={17953},
  year={1994},
  publisher={APS}
}

@article{fock,
  title={N{\"a}herungsmethode zur L{\"o}sung des quantenmechanischen Mehrk{\"o}rperproblems},
  author={Fock, Vladimir},
  journal={Zeitschrift f{\"u}r Physik},
  volume={61},
  number={1-2},
  pages={126--148},
  year={1930},
  publisher={Springer}
}

@incollection{thomas1991condensed,
  title="Condensed-Phase Xenon and Krypton in {UO$_2$} Spent Fuel",
  author={Thomas, L. E.},
  booktitle={Fundamental Aspects of Inert Gases in Solids},
  pages={431--441},
  year={1991},
  publisher={Springer},
  address={New York}
}

@article{fermi1927metodo,
  title={Un metodo statistico per la determinazione di alcune priorieta dellâ€™atome},
  author={Fermi, Enrico},
  journal={Rend. Accad. Naz. Lincei},
  volume={6},
  number={602-607},
  pages={32},
  year={1927}
}


@article{hohenberg1964inhomogeneous,
  title={Inhomogeneous electron gas},
  author={Hohenberg, Pierre and Kohn, Walter},
  journal=pr,
  volume={136},
  number={3B},
  pages={B864},
  year={1964},
  publisher={APS}
}


@article{phillips1959new,
  title={New method for calculating wave functions in crystals and molecules},
  author={Phillips, James C and Kleinman, Leonard},
  journal=pr,
  volume={116},
  number={2},
  pages={287},
  year={1959},
  publisher={APS}
}

@article{hamann1979norm,
  title={Norm-conserving pseudopotentials},
  author={Hamann, D. R. and Schl{\"u}ter, M. and Chiang, C.},
  journal=prl,
  volume={43},
  number={20},
  pages={1494},
  year={1979},
  publisher={APS}
}

@article{troullier1991efficient,
  title={Efficient pseudopotentials for plane-wave calculations},
  author={Troullier, Norman and Martins, Jos{\'e} Lu{\'\i}s},
  journal=prb,
  volume={43},
  number={3},
  pages={1993},
  year={1991},
  publisher={APS}
}

@article{vanderbilt1990soft,
  title={Soft self-consistent pseudopotentials in a generalized eigenvalue formalism},
  author={Vanderbilt, David},
  journal=prb,
  volume={41},
  number={11},
  pages={7892},
  year={1990},
  publisher={APS}
}


@article{kresse1999ultrasoft,
  title={From ultrasoft pseudopotentials to the projector augmented-wave method},
  author={Kresse, Georg and Joubert, D.},
  journal=prb,
  volume=59,
  number=3,
  pages=1758,
  year=1999,
  publisher={APS}
}


@article{olander2009growth,
  title={Growth of the interaction layer around fuel particles in dispersion fuel},
  author={Olander, D.},
  journal=jnm,
  volume={383},
  number={3},
  pages={201--208},
  year={2009},
  publisher={Elsevier}
}

@book{was2016,
  title={Fundamentals of Radiation Material Science: Metals and Alloys},
  author={Was, Gary S},
  year={2016},
  pages={172--174},
  publisher={Springer}
}


@article{henkelman2000climbing,
  title={A Climbing Image Nudged Elastic Band Method for Finding Saddle Points
    and Minimum Energy Paths},
  author={Henkelman, Graeme and Uberuaga, Blas P and J{\'o}nsson, Hannes},
  journal=jcp,
  volume={113},
  number={22},
  pages={9901--9904},
  year={2000},
  publisher={American Institute of Physics}
}


@article{henkelman2000improved,
  title={Improved Tangent Estimate in the Nudged Elastic Band Method for
    Finding Minimum Energy Paths and Saddle Points},
  author={Henkelman, Graeme and J{\'o}nsson, Hannes},
  journal=jcp,
  volume={113},
  number={22},
  pages={9978--9985},
  year={2000},
  publisher={American Institute of Physics}
}

@inproceedings{thomas1927calculation,
  title={The calculation of atomic fields},
  author={Thomas, Llewellyn H.},
  booktitle={Mathematical Proceedings of the Cambridge Philosophical Society},
  volume={23},
  pages={542--548},
  year={1927},
  organization={Cambridge University Press}
}


