@article{beeler2013first,
  title={First Principles Calculations of the Structure and Elastic Constants of {\textalpha}, {\textbeta} and {\textgamma} uranium},
  author={Beeler, Benjamin and Deo, Chaitanya and Baskes, Michael and Okuniewski, Maria},
  journal=jnm,
  volume={433},
  number={1-3},
  pages={143--151},
  year={2013},
  publisher={Elsevier}
}

@article{soderlind2002first,
  title={First-Principles Elastic and Structural Properties of Uranium Metal},
  author={S{\"o}derlind, Per},
  journal=prb,
  volume={66},
  number={8},
  pages={085113},
  year={2002},
  publisher={APS}
}


@article{barrett1963crystal,
  title={Crystal structure variations in alpha uranium at low temperatures},
  author={Barrett, C S and Mueller, M H and Hitterman, R L},
  journal=pr,
  volume={129},
  number={2},
  pages={625},
  year={1963},
  publisher={APS}
}


@article{fisher1958adiabatic,
  title={Adiabatic Elastic Moduli of Single Crystal Alpha Uranium},
  author={Fisher, E S and {McS}kimin, H J},
  journal=jap,
  volume={29},
  number={10},
  pages={1473--1484},
  year={1958},
  publisher={AIP}
}


@article{le2003structural,
  title={Structural Behavior of {\textalpha}-Uranium with Pressures to {100~GPa}},
  author={Le Bihan, T and Heathman, S and Idiri, M and Lander, G H and Wills, J M and Lawson, A C and Lindbaum, Andreas},
  journal=prb,
  volume={67},
  number={13},
  pages={134102},
  year={2003},
  publisher={APS}
}

@article{akella1997structural,
  title={Structural Stability in Uranium},
  author={Akella, J and Weir, S and Wills, J M and S{\"o}derlind, P},
  journal=jpcm,
  volume={9},
  number={39},
  pages={L549--L555},
  year={1997},
  publisher={IOP Publishing}
}

@article{lander1994solid,
  title={The Solid-State Properties of Uranium: {A} Historical Perspective and
        Review},
  author={Lander, G H and Fisher, E S and Bader, S D},
  journal=advph,
  volume={43},
  number={1},
  pages={1--111},
  year={1994},
  publisher={Taylor \& Francis}
}

@article{crocombette2001plane,
  title="Plane-Wave Pseudopotential Study of Point Defects in Uranium Dioxide",
  author="Crocombette, J. P. and Jollet, F. and Thien Nga, L. and Petit, T.",
  journal=prb,
  volume=64,
  number=10,
  pages=104107,
  year=2001,
}
  publisher={APS}


@article{taylor2008evaluation,
  title={Evaluation of First-Principles Techniques for Obtaining Materials Parameters of {\textalpha}-Uranium and the {\hkl(001)} \textalpha-Uranium Surface},
  author={Taylor, Christopher D},
  journal=prb,
  volume={77},
  number={9},
  pages={094119},
  year={2008},
  publisher={APS}
}

@article{hood2008quantum,
  title={Quantum Molecular Dynamics Simulations of Uranium at High Pressure and Temperature},
  author={Hood, Randolph Q and Yang, L H and Moriarty, John A},
  journal=prb,
  volume={78},
  number={2},
  pages={024116},
  year={2008},
  publisher={APS}
}


@article{murnaghan1944compressibility,
  title={The Compressibility of Media Under Extreme Pressures},
  author={Murnaghan, F D},
  journal=pnas,
  volume={30},
  number={9},
  pages={244--247},
  year={1944},
}
  publisher={National Acad Sciences}

@article{yoo1998phase,
  title={Phase Diagram of Uranium at High Pressures and Temperatures},
  author={Yoo, Choong-Shik and Cynn, Hyunchae and S{\"o}derlind, Per},
  journal=prb,
  volume={57},
  number={17},
  pages={10359},
  year={1998},
  publisher={APS}
}


@article{wilson1949structures,
  title={The Structures of Uranium Metal},
  author={Wilson, A S and Rundle, R E},
  journal=actacryst,
  volume={2},
  number={2},
  pages={126--127},
  year={1949},
  publisher={Wiley Online Library}
}


article{li2012structure,
  title={Structure, Formation Energies and Elastic Constants of Uranium Metal Investigated by First Principles Calculations},
  author={Li, J H and Ren, Q B and Lu, C H and Lu, L and Dai, Y and Liu, B X},
  journal=jalloyscomp,
  volume={516},
  pages={139--143},
  year={2012},
  publisher={Elsevier}
}


@article{bain1924nature,
  title={The Nature of Martensite},
  author={Bain, Edgar C and Dunkirk, N Y},
  journal=transAIME,
  volume={70},
  number={1},
  pages={25--47},
  year={1924}
}


@article{w1963phase,
  title={Phase Transformations in Uranium at High Pressures},
  author={Klement, Jr., W. and Jayaraman, A and Kennedy, G C},
  journal=pr,
  volume={129},
  number={5},
  pages={1971},
  year={1963},
  publisher={APS}
}


@article{kim2016superconductivity,
  title={Superconductivity in {U-T} alloys ({T${}={}$Mo, Pt, Pd, Nb, Zr})
         Stabilized in the Cubic {\textgamma}-{U} Structure by Splat-Cooling
         Technique},
  author={Kim-Ngan, N.-T. H and Havela, L.},
  journal=jsciadvmatdev,
  volume={1},
  number={2},
  pages={121--127},
  year={2016},
  publisher={Elsevier}
}


@techreport{yakel1973review,
  title={Review of {X}-ray Diffraction Studies in Uranium Alloys},
  author={Yakel, Harry L},
  number = "CONF-740205-9",
  year={1973},
  institution={Oak Ridge National Laboratory},
}


@book{nashchemistry,
  title={The Chemistry of the Actinide and Transactinide Elements},
  author={Grenthe, I and Drozdzynski, J and Fujino, T and Buck, E C and Albrecht-Schmitt, T E and Wolf, S F},
  volume = {1},
  year = {2006},
  pages={253--698},
  publisher = {Springer},
  address = {Dordrecht}
}

not a proceedings; this is a journal?!
FIXME; need to add "math" to front of proccamps
@article{born1940stability,
  title={On the Stability of Crystal Lattices. {I.}},
  author={Born, Max},
  journal = proccamps,
  volume={36},
  number={2},
  pages={160--172},
  year={1940},
}
  booktitle={Mathematical Proceedings of the Cambridge Philosophical Society},
  organization={Cambridge University Press}


@book{born1954dynamical,
  title={Dynamical Theory of Crystal Lattices},
  author={Born, Max and Huang, Kun},
  year={1954},
  publisher={Clarendon Press}
}


@techreport{tucker1950approximate,
  title={An Approximate Crystal Structure for the Beta Phase of Uranium},
  author={Tucker, Jr., C W},
  number = "KAPL-388",
  year={1950},
  institution={Knolls Atomic Power Laboratory}
}


@article{tucker1951crystal,
  title={The Crystal structure of the {\textbeta}\ Phase of Uranium},
  author={Tucker, C W},
  journal=actacryst,
  volume={4},
  number={5},
  pages={425--431},
  year={1951},
  publisher={Wiley Online Library}
}


@article{donohue1971structure,
  title={The Structure of {\textbeta}-Uranium},
  author={Donohue, Jerry and Einspahr, Howard},
  journal=actacrystb,
  volume={27},
  number={9},
  pages={1740--1743},
  year={1971},
}
  publisher={Wiley Online Library}


@book{donohue1974structures,
  title={Structures of the Elements},
  author={Donohue, Jerry},
  year={1974},
  pages={134--148},
  publisher={John Wiley and Sons},
  address={New York}
}


@article{lawson1988structure,
  title={Structure of {\textbeta}-Uranium},
  author={Lawson, A C and Olsen, C E and Richardson, J W and Mueller, M H and Lander, G H},
  journal=actacrystb,
  volume={44},
  number={2},
  pages={89--96},
  year={1988},
}
  publisher={Wiley Online Library}


@article{xiang2008quantum,
  title={Quantum Mechanical Calculations of Uranium Phases and Niobium Defects
        in {\textgamma}-Uranium},
  author={Xiang, Shikai and Huang, Hanchen and Hsiung, LM},
  journal=jnm,
  volume={375},
  number={1},
  pages={113--119},
  year={2008},
}
  publisher={Elsevier}

@article{giannozzi2009quantum,
    author  = "Paolo Giannozzi and Stefano Baroni and Nicola Bonini and
               Matteo Calandra and Roberto Car and Carlo Cavazzoni and
               Davide Ceresoli and Guido L. Chiarotti and Matteo Cococcioni and
               Ismaila Dabo and Dal Corso, Andrea and de Gironcoli, Stefano and
               Stefano Fabris and Guido Fratesi and Ralph Gebauer and
               Uwe Gerstmann and Christos Gougoussis and Anton Kokalj and
               Michele Lazzeri and Layla Martin-Samos and Nicola Marzari and
               Francesco Mauri and Riccardo Mazzarello and Stefano Paolini and
               Alfredo Pasquarello and Lorenzo Paulatto and Carlo Sbraccia and
               Sandro Scandolo and Gabriele Sclauzero and Ari P. Seitsonen and
               Alexander Smogunov and Paolo Umari and Renata M. Wentzcovitch",
    title   = "{QUANTUM ESPRESSO}: {A} Modular and Open-Source Software
               Project for Quantum Simulations of Materials",
    journal = jpcm,
    volume  = 21,
    number  = 39,
    pages   = 395502,
    doi     = "10.1088/0953-8984/21/39/395502",
    month   = sep,
    year    = 2009
}
article{giannozzi2009quantum,
  title={QUANTUM ESPRESSO: a modular and open-source software project for quantum simulations of materials},
  author={Giannozzi, Paolo and Baroni, Stefano and Bonini, Nicola and Calandra, Matteo and Car, Roberto and Cavazzoni, Carlo and Ceresoli, Davide and Chiarotti, Guido L and Cococcioni, Matteo and Dabo, Ismaila and others},
  journal={Journal of physics: Condensed matter},
  volume={21},
  number={39},
  pages={395502},
  year={2009},
  publisher={IOP Publishing}
}


@article{holzwarth2001projector,
  title={A Projector Augmented Wave ({PAW}) Code for Electronic Structure
         Calculations, {P}art~{I}: {atompaw} for Generating Atom-Centered
         Functions},
  author={Holzwarth, N A W and Tackett, A R and Matthews, G E},
  journal=comphyscomm,
  volume={135},
  number={3},
  pages={329--347},
  year={2001},
  publisher={Elsevier}
}


@article{tackett2001projector,
  title={A Projector Augmented Wave ({PAW}) Code for Electronic Structure Calculations, {P}art~{II}: {pwpaw} for Periodic Solids in a Plane Wave Basis},
  author={Tackett, A R and Holzwarth, N A W and Matthews, G E},
  journal=comphyscomm,
  volume={135},
  number={3},
  pages={348--376},
  year={2001},
  publisher={Elsevier}
}


@article{rappe1990optimized,
  title={Optimized Pseudopotentials},
  author={Rappe, Andrew M and Rabe, Karin M and Kaxiras, Efthimios and
          Joannopoulos, J D},
  journal=prb,
  volume={41},
  number={2},
  pages={1227},
  year={1990},
}
  publisher={APS}


@article{monkhorst1976special,
  title={Special Points for {B}rillouin-Zone Integrations},
  author={Monkhorst, Hendrik J and Pack, James D},
  journal=prb,
  volume={13},
  number={12},
  pages={5188--5192},
  year={1976},
  publisher={APS}
}



@article{pack1977special,
  title={``Special Points for {B}rillouin-Zone Integrations''---A Reply},
  author={Pack, James D and Monkhorst, Hendrik J},
  journal=prb,
  volume={16},
  number={4},
  pages={1748--1749},
  year={1977},
}
  publisher={APS}

@article{methfessel1989high,
  title={High-Precision Sampling for {B}rillouin-Zone Integration in Metals},
  author={Methfessel, M. and Paxton, A. T.},
  journal=prb,
  volume={40},
  number={6},
  pages={3616--3621},
  year={1989},
}
  publisher={APS}


@article{ravindran1998density,
  title="Density Functional Theory for Calculation of Elastic Properties of Orthorhombic Crystals: {A}pplication to {TiSi$_2$}",
  author={Ravindran, P and Fast, Lars and Korzhavyi, P A\_ and Johansson, B and Wills, J and Eriksson, O},
  journal=jap,
  volume={84},
  number={9},
  pages={4891--4904},
  year={1998},
  doi = "10.1063/1.368733"
}
  publisher={AIP}

@article{beckstein2001first,
  title="First-Principles Elastic Constants and Electronic Structure of {\textalpha}-{Pt$_2$}{Si} and {PtSi}",
  author={Beckstein, O and Klepeis, J E and Hart, G L W and Pankratov, O},
  journal=prb,
  volume={63},
  number={13},
  pages={134112},
  year={2001},
  publisher={APS}
}


@article{lander2003gh,
  title={Sensing Electrons on the Edge},
  author={Lander, G H},
  journal={Science},
  volume={301},
  pages={1057--1059},
  year={2003},
  publisher={American Association for the Advancement of Science}
}


FIXME are you sure this is 1984? Vol. 2 comes up as 1985.... Also, just cite
the volume you need, not the whole collection. (Imagine if I said, "as this
individual stated in the Oxford English Dictionary" without specifying which
volume, etc.)
@book{freemanHandbook1984,
  title={Handbook on the Physics and Chemistry of the Actinides},
  author={Freeman, Arthur J and Lander, G H},
  publisher={North-Holland},
  address = "Amsterdam",
  year={1984},
  volume = {1,2}
}


@article{wills1992crystal,
  title={Crystal-Structure Stabilities and Electronic Structure for the Light Actinides {Th}, {Pa}, and {U}},
  author={Wills, J M and Eriksson, Olle},
  journal=prb,
  volume={45},
  number={24},
  pages={13879},
  year={1992},
}
  publisher={APS}


@article{eriksson1993first,
  title={First Principles Studies of Crystal Structures of {$f$} Elements},
  author={Eriksson, Olle and S{\"o}derlind, Per and Wills, J M and Boring, A M},
  journal=physicab,
  volume={190},
  number={1},
  pages={5--11},
  doi   = "10.1016/0921-4526(93)90436-A",
  year={1993},
}
  publisher={North-Holland}


@article{jones2000theoretical,
  title={Theoretical Atomic Volumes of the Light Actinides},
  author={Jones, M D and Boettger, J C and Albers, R C and Singh, D J},
  journal=prb,
  volume={61},
  number={7},
  pages={4644},
  year={2000},
}
  publisher={APS}


@article{lawson2000melting,
  title={Melting of the Light Actinides},
  author={Lawson, A C and Artinez, B M and Roberts, J A and Bennett, B I and Richardson, Jr., J W},
  journal = philmag # "~B",
  volume={80},
  number={1},
  pages={53--59},
  year={2000},
}
  publisher={Taylor \& Francis}


@article{li2012structure,
  title={Structure, Formation Energies and Elastic Constants of Uranium Metal Investigated by First Principles Calculations},
  author={Li, J H and Ren, Q B and Lu, C H and Lu, L and Dai, Y and Liu, B X},
  journal=jalloyscomp,
  volume={516},
  pages={139--143},
  year={2012},
}
  publisher={Elsevier}


@article{bouchet2008lattice,
  title={Lattice Dynamics of {\textalpha} Uranium},
  author={Bouchet, J},
  journal=prb,
  volume={77},
  number={2},
  pages={024113},
  year={2008},
}


@article{iche2008examining,
  title={Examining the performance of {DFT} methods in uranium chemistry: Does core size matter for a pseudopotential?},
  author={Ich{\'e}-Tarrat, Nathalie and Marsden, Colin J},
  journal=jpc # "~A",
  volume={112},
  number={33},
  pages={7632--7642},
  year={2008},
  publisher={ACS Publications}
}



@article{kittel1993history,
  title={History of fast reactor fuel development},
  author={Kittel, J H and Frost, B R T and Mustelier, J P and Bagley, K Q and Crittenden, G C and Van Dievoet, J},
  journal= jnm,
  volume={204},
  pages={1--13},
  year={1993},
  publisher={Elsevier}
}

  publisher={APS}

@article{Perdew1992a,
    author  = "J. P. Perdew and J. A. Chevary and S. H. Vosko and
               K. A. Jackson and M. R. Pederson and D. J. Singh and
               C. Fiolhais",
    title   = "Atoms, Molecules, Solids, and Surfaces: {A}pplications of the
               Generalized Gradient Approximation for Exchange and
               Correlation",
    journal = prb,
    volume  = 46,
    number  = 11,
    pages   = "6671--6687",
    month   = sep,
    year    = 1992
}
@article{Perdew1993,
    author  = "J. P. Perdew and J. A. Chevary and S. H. Vosko and
               K. A. Jackson and M. R. Pederson and D. J. Singh and
               C. Fiolhais",
    title   = "Erratum: {A}toms, Molecules, Solids, and Surfaces:
               {A}pplications of the Generalized Gradient Approximation for
               Exchange and Correlation",
    journal = prb,
    volume  = 48,
    number  = 7,
    pages   = "4978",
    year    = 1993
}

@article{Perdew1996b,
    author  = "John P. Perdew and Kieron Burke and Matthias Ernzerhof",
    title   = "Generalized Gradient Approximation Made Simple",
    journal = prl,
    volume  = 77,
    number  = 18,
    pages   = "3865--3868",
    month   = oct,
    year    = 1996
}

@article{Perdew1997,
    author  = "John P. Perdew and Kieron Burke and Matthias Ernzerhof",
    title   = "Generalized Gradient Approximation Made Simple (Errata)",
    journal = prl,
    volume  = 78,
    number  = 7,
    pages   = 1396,
    year    = 1997
}

@article{Bloechl1994,
    author  = "Bl{\"o}chl, P. E.",
    title   = "Projector Augmented-Wave Method",
    journal = prb,
    volume  = 50,
    number  = 24,
    pages   = "17953--17979",
    month   = dec,
    year    = 1994
}

@misc{StructureofCrystals,
    author  = "{Naval Research Laboratories}",
    title   = "Structure of {C}rystals",
    howpublished = "{\url{http://aflowlib.duke.edu/users/egossett/lattice/}}",
    year    = 2015
}

@article{Mouhat2014,
    author  = "Mouhat, F{\'e}lix and Coudert, Fran{\c c}ois-Xavier",
    title   = "Necessary and Sufficient Elastic Stability Conditions in Various
               Crystal Systems",
    journal = prb,
    volume  = 90,
    pages   = 224104,
    year    = 2014
}

@article{Soderlind1998,
    author  = "S{\"o}derlind, Per",
    title   = "Theory of the Crystal Structures of Cerium and the Light
               Actinides",
    journal = advph,
    volume  = 47,
    number  = 6,
    pages   = "959--998",
    year    = 1998
}

@misc{pp1,
    author  = "{\textsc{QuantumEspresso}}",
    title   = "{PS} Library",
    howpublished = "{\newline\url{http://www.quantum-espresso.org/pseudopotentials}}",
    year    = 2019
}


@article{Kresse1994a,
    author  = "Kresse, G. and Hafner, J.",
    title   = "Ab Initio Molecular-Dynamics Simulation of the
               Liquid-Metal-Amorphous-Semiconductor Transition in Germanium",
    journal = prb,
    volume  = 49,
    number  = 20,
    pages   = "14251--14269",
    month   = may,
    year    = 1994
}
@article{Kresse1996a,
    author  = "Kresse, G. and Furthm{\"u}ller, J.",
    title   = "Efficiency of Ab-Initio Total Energy Calculations for Metals
               and Semiconductors Using a Plane-Wave Basis Set",
    journal = compmats,
    volume  = 6,
    number  = 1,
    pages   = "15--50",
    month   = jul,
    year    = 1996
}
@article{Kresse1996b,
    author  = "Kresse, G. and Furthm{\"u}ller, J.",
    title   = "Efficient Iterative Schemes for Ab Initio Total-Energy
               Calculations Using a Plane-Wave Basis Set",
    journal = prb,
    volume  = 54,
    number  = 16,
    pages   = "11169--11186",
    month   = oct,
    year    = 1996
}

@article{kresse1993ab,
  title={Ab Initio Molecular Dynamics for Liquid Metals},
  author={Kresse, Georg and Hafner, J{\"u}rgen},
  journal=prb,
  volume={47},
  number={1},
  pages={558--561},
  year={1993},
  publisher={APS}
}


@article{dal2014pseudopotentials,
  title={Pseudopotentials Periodic Table: From {H} to {Pu}},
  author={Dal Corso, Andrea},
  journal={Computational Materials Science},
  volume={95},
  pages={337--350},
  year={2014},
  publisher={Elsevier}
}

@article{Perdew1992b,
    author  = "Perdew, John P. and Wang, Yue",
    title   = "Accurate and Simple Analytic Representation of the Electron-Gas
               Correlation Energy",
    journal = prb,
    volume  = 45,
    number  = 23,
    pages   = "13244--13249",
    month   = jun,
    year    = 1992
}


@article{soderlind1994electronic,
  title={Electronic Properties of {f}-Electron Metals Using the Generalized Gradient Approximation},
  author={S{\"o}derlind, Per and Eriksson, O and Johansson, B and Wills, J M},
  journal=prb,
  volume={50},
  number={11},
  pages={7291},
  year={1994},
  publisher={APS}
}


@article{soderlind2014electron,
  title={Electron Correlation and Relativity of the {5f} Electrons in the
    {U}--{Zr} Alloy System},
  author={S{\"o}derlind, P and Sadigh, B and Lordi, V and Landa, A and
    Turchi, P E A},
  journal=jnm,
  volume={444},
  number={1-3},
  pages={356--358},
  year={2014},
  publisher={Elsevier}
}

@article{soderlind1995,
    author  = "S{\"o}derlind, Per and Eriksson, Olle and Johansson, B{\"o}rje
        and Wills, J. M. and Boring, A. M.",
    title   = "A Unified Picture of the Crystal Structures of Metals",
    journal = "Nature",
    volume  = 374,
    pages   = "524--525",
    doi     = "10.1038/374524a0",
    year    = 1995
}

@book{wallace1998thermodynamics,
  title={Thermodynamics of Crystals},
  author={Wallace, Duane C.},
  year={1998},
  publisher={Courier Corporation}
}

@article{iasir2020pseudopotential,
  title={Pseudopotential for Plane-Wave Density Functional Theory Studies of
    Metallic Uranium},
  author={Iasir, A Rafi M and Hammond, Karl D},
  journal=compmats,
  volume={171},
  pages={109221},
  year={2020},
  publisher={Elsevier}
}


