@article{snelgrove1997development,
  title={Development of Very-High-Density Low-Enriched-Uranium Fuels},
  author={Snelgrove, James L. and Hofman, G. L. and Meyer, M. K. and
          Trybus, C. L. and Wiencek, T. C.},
  journal=nuced,
  volume={178},
  number={1},
  pages={119--126},
  year={1997},
  publisher={Elsevier},
    doi = "10.1016/S0029-5493(97)00217-3"
}




@article{Soderlind1995,
    author  = "S{\"o}derlind, Per and Eriksson, Olle and Johansson, B{\"o}rje
        and Wills, J. M. and Boring, A. M.",
    title   = "A Unified Picture of the Crystal Structures of Metals",
    journal = "Nature",
    volume  = 374,
    pages   = "524--525",
    doi     = "10.1038/374524a0",
    year    = 1995
}

@article{lander2003gh,
  title={Sensing Electrons on the Edge},
  author={Lander, G H},
  journal={Science},
  volume={301},
  pages={1057--1059},
  year={2003},
  publisher={American Association for the Advancement of Science}
}

@book{freemanHandbook1984,
  title={Handbook on the Physics and Chemistry of the Actinides},
  author={Freeman, Arthur J and Lander, G H},
  publisher={North-Holland},
  address = "Amsterdam",
  year={1984},
  volume = {1,2}
}

@article{lawson1988structure,
  title={Structure of {\textbeta}-Uranium},
  author={Lawson, A C and Olsen, C E and Richardson, J W and Mueller, M H and Lander, G H},
  journal=actacrystb,
  volume={44},
  number={2},
  pages={89--96},
  year={1988},
}

@article{akella1997structural,
  title={Structural Stability in Uranium},
  author={Akella, J and Weir, S and Wills, J M and S{\"o}derlind, P},
  journal=jpcm,
  volume={9},
  number={39},
  pages={L549--L555},
  year={1997},
  publisher={IOP Publishing}
}

@article{kittel1993history,
  title={History of fast reactor fuel development},
  author={Kittel, J H and Frost, B R T and Mustelier, J P and Bagley, K Q and Crittenden, G C and Van Dievoet, J},
  journal= jnm,
  volume={204},
  pages={1--13},
  year={1993},
  publisher={Elsevier}
}

@article{wilson1949structures,
  title={The Structures of Uranium Metal},
  author={Wilson, A S and Rundle, R E},
  journal=actacryst,
  volume={2},
  number={2},
  pages={126--127},
  year={1949},
  publisher={Wiley Online Library}
}


@article{kim2016superconductivity,
  title="Superconductivity in {U-T} alloys ({T${}={}$Mo, Pt, Pd, Nb, Zr})
         Stabilized in the Cubic {\textgamma}-{U} Structure by Splat-Cooling
         Technique",
  author={Kim-Ngan, N.-T. H and Havela, L.},
  journal=jsciadvmatdev,
  volume={1},
  number={2},
  pages={121--127},
  year={2016},
  publisher={Elsevier}
}


@inbook{ASM-Alloy-Mo,
    editor  = "Hiroaki Okamoto and Mark E. Schlesinger and Erik M. Mueller",
    title = "{Mo} (Molybdenum) Binary Alloy Phase Diagrams",
    booktitle = "Alloy Phase Diagrams",
    volume = 3,
    series = "ASM Handbook",
    publisher = "ASM International",
    pages = "489--498",
    year = 2016
}

@article{Berche2011,
    author  = "A. Berche and N. Dupin and C. Gu{\'e}nau and C. Rado and
               B. Sundman and J. C. Dumas",
    title   = "Calphad Thermodynamic Description of Some Binary Systems
               Involving {U}",
    journal = jnm,
    volume  = 411,
    year    = 2011,
    pages   = "131--143",
    doi     = "10.1016/j.jnucmat.2011.01.043",
}

@article{rondinella2010high,
  title={The High Burn-Up Structure in Nuclear Fuel},
  author={Rondinella, Vincenzo V. and Wiss, Thierry},
  journal=mattoday,
  volume={13},
  number={12},
  pages={24--32},
  year={2010},
  publisher={Elsevier}
}

@article{iasir2018estimation,
  title={Estimation of effective thermal conductivity in U-10Mo fuels with distributed xenon gas bubbles},
  author={Iasir, A Rafi M and Peters, Nickie J and Hammond, Karl D},
  journal=jnm,
  volume={508},
  pages={159--167},
  year={2018},
  publisher={Elsevier}
}

@article{dwight1960uranium,
  title={The Uranium-Molybdenum Equilibrium Diagram Below {900~C}},
  author={Dwight, Austin E},
  journal=jnm,
  volume={2},
  number={1},
  pages={81--87},
  year={1960},
  publisher={Elsevier}
}

@article{tangri1961metastable,
  title={Metastable phases in the uranium molybdenum system and their origin},
  author={Tangri, K and Williams, GI},
  journal=jnm,
  volume={4},
  number={2},
  pages={226--233},
  year={1961},
  publisher={Elsevier}
}


@article{sinha2010phase,
  title={Phase Transformation of Metastable Cubic {$\gamma$}-Phase in U--Mo
    Alloys},
  author={Sinha, V P and Hegde, P V and Prasad, G J and Dey, G K and Kamath, H S},
  journal=jalloyscomp,
  volume={506},
  number={1},
  pages={253--262},
  year={2010},
  publisher={Elsevier}
}


@article{berche2011calphad,
  title={Calphad Thermodynamic Description of Some Binary Systems Involving {U}},
  author={Berche, A and Dupin, N and Gu{\'e}neau, C and Rado, C and Sundman, B and Dumas, J C},
  journal=jnm,
  volume={411},
  number={1-3},
  pages={131--143},
  year={2011},
  publisher={Elsevier}
}

@article{zhang2010thermodynamic,
  title={Thermodynamic Assessment of the {U--Mo--Al} System},
  author={Zhang, X and Cui, Y F and Xu, G L and Zhu, W J and Liu, H S and
    Yin, B Y and Jin, Z P},
  journal=jnm,
  volume={402},
  number={1},
  pages={15--24},
  year={2010},
  publisher={Elsevier}
}

@article{losada2019ground,
  title={On the Ground State of the {U-Mo} System},
  author={Losada, E L and Garc{\'e}s, J E},
  journal=jnm,
  volume={518},
  pages={380--385},
  year={2019},
  publisher={Elsevier}
}

@article{landa2011density,
  title={Density-Functional Study of {U--Mo} and {U--Zr} Alloys},
  author={Landa, A and S{\"o}derlind, P and Turchi, P E A},
  journal=jnm,
  volume={414},
  number={2},
  pages={132--137},
  year={2011},
  publisher={Elsevier}
}

@article{alonso2007role,
  title={The Role of Multisite Interactions in the Formation Energy of {bcc}
    {$\gamma$} ({U}, {Mo}) Disordered Phase},
  author={Alonso, P R and Rubiolo, G H},
  journal=msmse,
  volume={15},
  number={3},
  pages={263},
  year={2007},
  publisher={IOP Publishing}
}

@article{castellano2020thermodynamic,
  title={Thermodynamic Stabilization of {$\gamma$-U--Mo} Alloys: Effect of {Mo} Content and Temperature},
  author="Castellano, Alo{\"i}s and Bottin, Fran{\c c}ois and Dorado, Boris and Bouchet, Johann",
  journal=prb,
  volume={101},
  number={18},
  pages={184111},
  year={2020},
  publisher={APS}
}

@article{howlett1970study,
  title={A Study of the Shear Transformations from the gamma-Phase in Uranium-Molybdenum Alloys Containing 6.0--12.5 at\% Molybdenum},
  author={Howlett, B W},
  journal={Journal of Nuclear Materials},
  volume={35},
  number={3},
  pages={278--292},
  year={1970},
  publisher={Elsevier}
}

@article{yakel1969crystal,
  title={Crystal Structures of Transition Phases Formed in {U}/16.60 at\% {Nb}/5.64 at\% {Zr} alloys},
  author={Yakel, Harry L},
  journal=jnm,
  volume={33},
  number={3},
  pages={286--295},
  year={1969},
  publisher={Elsevier}
}

@article{sinha2010effect,
  title={Effect of Molybdenum Addition on Metastability of Cubic {$\gamma$}-Uranium},
  author={Sinha, V P and Hegde, P V and Prasad, G J and Dey, G K and Kamath, H S},
  journal=jalloyscomp,
  volume={491},
  number={1-2},
  pages={753--760},
  year={2010},
  publisher={Elsevier}
}

@article{yun2008atomic,
  title={Atomic Diffusion Mechanism of {Xe} in {UO$_2$}},
  author={Yun, Younsuk and Kim, Hanchul and Kim, Heemoon and Park, Kwangheon},
  journal=jnm,
  volume={378},
  number={1},
  pages={40--44},
  year={2008},
  publisher={Elsevier}
}


@article{carter1972xenon,
  title={Xenon-133 Diffusion and Trapping in Single-Crystal Uranium Dioxide},
  author={Carter, J C and Driscoll, E J and Elleman, T S},
  journal=physstatsola,
  volume={14},
  number={2},
  pages={673--680},
  year={1972},
  publisher={Wiley Online Library}
}


@article{matzke1966diffusion,
  title={Diffusion in Doped {UO$_2$}},
  author={Matzke, Hj},
  journal=nucapp,
  volume={2},
  number={2},
  pages={131--137},
  doi = "10.13182/NT66-A27493",
  year={1966},
  publisher={Taylor \& Francis}
}


@article{macewan1964xenon,
  title={Xenon Diffusion in {UO$_2$}: Some Complicating Factors},
  author={{MacE}wan, J R and Stevens, W H},
  journal=jnm,
  volume={11},
  number={1},
  pages={77--93},
  year={1964},
  publisher={Elsevier}
}


@article{une1987effects,
  title="Effects of Additives and the Oxygen Potential on the Fission Gas
    Diffusion in {UO$_2$} Fuel",
  author={Une, Katsumi and Tanabe, Isami and Oguma, Masaomi},
  journal=jnm,
  volume={150},
  number={1},
  pages={93--99},
  year={1987},
  publisher={Elsevier}
}

@article{catlow1978fission,
  title={Fission Gas Diffusion in Uranium Dioxide},
  author={Catlow, Charles Richard Arthur},
  journal = procrsla,
  volume={364},
  number={1719},
  pages={473--497},
  year={1978},
  publisher={The Royal Society London}
}

@article{jackson1986calculation,
  title="The Calculation of Defect Parameters in {UO$_2$}",
  author={Jackson, R A and Murray, A D and Harding, J H and Catlow, C R A},
  journal=philmag # "~A",
  volume={53},
  number={1},
  pages={27--50},
  year={1986},
  publisher={Taylor \& Francis}
}

@article{grimes1989calculations,
  title={Calculations of Solution Energies of Fission Products in Uranium
    Dioxide},
  author={Grimes, Robin W and Catlow, C Richard A and Stoneham, A Marshall},
  journal=amerceramics,
  volume={72},
  number={10},
  pages={1856--1860},
  year={1989},
  publisher={Wiley Online Library}
}

@article{ball1990diffusion,
  title="Diffusion of {Xe} in {UO$_2$}",
  author={Ball, Richard G J and Grimes, Robin W},
  journal=jft,
  volume={86},
  number={8},
  pages={1257--1261},
  year={1990}
}


@article{grimes1991stability,
  title={The Stability of Fission Products in Uranium Dioxide},
  author={Grimes, R W and Catlow, Charles Richard Arthur},
  journal = ptrsa,
  volume={335},
  number={1639},
  pages={609--634},
  year={1991},
  publisher={The Royal Society London}
}


@article{petit1999location,
  title={Location of krypton atoms in uranium dioxide},
  author={Petit, {Th\relax} and Jomard, G and Lemaignan, C and Bigot, B and
    Pasturel, A},
  journal=jnm,
  volume={275},
  number={1},
  pages={119--123},
  year={1999},
  publisher={Elsevier}
}

@article{crocombette2002ab,
  title={Ab Initio Energetics of Some Fission Products ({Kr}, {I}, {Cs}, {Sr}
    and {He}) in Uranium Dioxide},
  author={Crocombette, Jean-Paul},
  journal=jnm,
  volume={305},
  number={1},
  pages={29--36},
  year={2002},
  publisher={Elsevier}
}


@article{freyss2006ab,
  title="Ab Initio Modeling of the Behavior of Helium and Xenon in Actinide
    Dioxide Nuclear Fuels",
  author={Freyss, M and Vergnet, N and Petit, T},
  journal = jnm,
  volume={352},
  number={1--3},
  pages={144--150},
  year={2006},
  publisher={Elsevier}
}

@article{blades1956ratio,
  title={The Ratio of Xenon to Krypton in {U\textsuperscript{235}} Fission},
  author={Blades, A T and Fleming, W H and Thode, H G},
  journal=canjchem,
  volume={34},
  number={3},
  pages={233--237},
  year={1956},
  publisher={NRC Research Press}
}


@article{petruska1955absolute,
  title={The Absolute Fission Yields of Twenty-Eight Mass Chains in the Thermal Neutron Fission of {U\textsuperscript{235}}},
  author={Petruska, J A and Thode, H G and Tomlinson, R H},
  journal=canjphys,
  volume={33},
  number={11},
  pages={693--706},
  year={1955},
  publisher={NRC Research Press}
}


@article{andersson2011u,
  title="{U} and {Xe} Transport in {UO$_2\pm x$}: Density Functional Theory
    Calculations",
  author={Andersson, D A and Uberuaga, B P and Nerikar, P V and Unal, C and
    Stanek, C R},
  journal = prb,
  volume={84},
  number={5},
  pages={054105},
  year={2011},
  publisher={APS}
}


@article{adda1959etude,
  title={Etude de l'Autodiffusion de l'Uranium en Phase {$\gamma$}},
  author={Adda, Y and Kirianenko, A},
  journal=jnm,
  volume={1},
  number={2},
  pages={120--126},
  year={1959},
  publisher={Elsevier}
}

@article{peterson1964diffusion,
  title={Diffusion in Gamma Uranium},
  author={Peterson, N L and Rothman, S J},
  journal = pr,
  volume={136},
  number={3A},
  pages={A842},
  year={1964},
  publisher={APS}
}

@techreport{rothman1959self,
  title={Self-Diffusion in gamma Uranium},
  author={Rothman, S J and Lloyd, L T and Weil, R and Harkness, A L},
  year={1959},
  institution={Argonne National Lab., Lemont, Ill.}
}

@article{rothman1961diffusion,
  title={The Diffusion of Gold in gamma Uranium},
  author={Rothman, S J},
  journal=jnm,
  volume={3},
  number={1},
  pages={77--80},
  year={1961},
  publisher={Elsevier}
}

@article{adda1962etude,
  title={Etude de l'Autodiffusion de l'Uranium en Phase {$\alpha$}},
  author={Adda, Y and Kirianenko, A},
  journal=jnm,
  volume={6},
  number={1},
  pages={130--134},
  year={1962},
  publisher={Elsevier}
}


@article{resnick1962self,
  title={The Self-Diffusion of alpha-Uranium},
  author={Resnick, R and Seigle, L L},
  journal=jnm,
  volume={5},
  number={1},
  pages={5--11},
  year={1962},
  publisher={Elsevier}
}

@article{rothman1961self,
  title={Self-Diffusion in beta Uranium},
  author={Rothman, S J and Gray, Jr, J and Hughes, J P and Harkness, A L},
  journal=jnm,
  volume={3},
  number={1},
  pages={72--76},
  year={1961},
  publisher={Elsevier}
}


@article{liu2012atomic,
  title="Atomic Mobilities, Diffusivities and Their Kinetic Implications for
    {U--X} ({X${}={}$Ti}, {Nb} and {Mo}) {bcc} Alloys",
  author={Liu, Yajun and Yu, Di and Du, Yong and Sheng, Guang and Long, Zhaohui and Wang, Jiang and Zhang, Lijun},
  journal={Calphad},
  volume={37},
  pages={49--56},
  year={2012},
  publisher={Elsevier}
}

@article{smirnova2015atomistic,
  title="Atomistic Modeling of the Self-Diffusion in {$\gamma$-U} and
    {$\gamma$-U-Mo}",
  author={Smirnova, D E and Kuksin, A {Yu\relax} and Starikov, S V and
    Stegailov, V V},
  journal=physmetmet,
  volume={116},
  number={5},
  pages={445--455},
  year={2015},
  publisher={Springer}
}

@article{adams1989self,
  title={Self-Diffusion and Impurity Diffusion of Fee Metals Using the
    Five-Frequency Model and the Embedded Atom Method},
  author={Adams, J B and Foiles, S M and Wolfer, W G},
  journal=jmatsres,
  volume={4},
  number={1},
  pages={102--112},
  year={1989},
  publisher={Cambridge University Press}
}

@article{blochl1993first,
  title={First-Principles Calculations of Self-Diffusion Constants in Silicon},
  author={Bl{\"o}chl, Peter E and Smargiassi, Enrico and Car, Roberto and
    Laks, D B and Andreoni, W and Pantelides, S T},
  journal=prl,
  volume={70},
  number={16},
  pages={2435},
  year={1993},
  publisher={APS}
}

@article{blochl1990first,
  title={First-Principles Calculations of Diffusion Coefficients: Hydrogen in
    Silicon},
  author={Bl{\"o}chl, Peter E and Van de Walle, C G and Pantelides, S T},
  journal=prl,
  volume={64},
  number={12},
  pages={1401},
  year={1990},
  publisher={APS}
}


@article{frank1996first,
  title={First-Principles Calculations of Absolute Concentrations and
    Self-Diffusion Constants of Vacancies in Lithium},
  author="Frank, W and Breier, U and Els{\"a}sser, C and F{\"a}hnle, M",
  journal=prl,
  volume={77},
  number={3},
  pages={518},
  year={1996},
  publisher={APS}
}


@article{janotti2004solute,
  title={Solute Diffusion in Metals: Larger Atoms Can Move Faster},
  author="Janotti, A and Kr{\v{c}}mar, M and Fu, C L and Reed, R C",
  journal=prl,
  volume={92},
  number={8},
  pages={085901},
  year={2004},
  publisher={APS}
}


@article{krvcmar2005diffusion,
  title={Diffusion Rates of 3d Transition Metal Solutes in Nickel by
    First-Principles Calculations},
  author="Kr{\v{c}}mar, M and Fu, Chong Long and Janotti, Anderson and Reed, R C",
  journal=actamat,
  volume={53},
  number={8},
  pages={2369--2376},
  year={2005},
  publisher={Elsevier}
}

@article{milman1993free,
  title={Free Energy and Entropy of Diffusion by ab Initio Molecular Dynamics:
    Alkali Ions in Silicon},
  author={Milman, V and Payne, M C and Heine, V and Needs, R J and Lin, J S and
    Lee, M H},
  journal=prl,
  volume={70},
  number={19},
  pages={2928},
  year={1993},
  publisher={APS}
}


@article{sandberg2002self,
  title={Self-Diffusion Rates in {Al} from Combined First-Principles and
    Model-Potential Calculations},
  author={Sandberg, Nils and Magyari-K{\"o}pe, Blanka and Mattsson, Thomas R},
  journal=prl,
  volume={89},
  number={6},
  pages={065901},
  year={2002},
  publisher={APS}
}


@article{lidiard1955,
author = { A. B. Lidiard },
title = {{CXXXIII}. {I}mpurity Diffusion in Crystals (Mainly Ionic Crystals with
    the Sodium Chloride Structure)},
journal = philmag # "\ Series~7",
volume = {46},
number = {382},
pages = {1218--1237},
year  = {1955},
publisher = {Taylor & Francis},
doi = {10.1080/14786441108520633},
}


@article{leclaire1956,
author = { A. D. Leclaire  and  A. B. Lidiard },
title = "{LIII}. {C}orrelation Effects in Diffusion in Crystals",
journal = philmag # "~A",
volume = {1},
number = {6},
pages = {518--527},
year  = {1956},
publisher = {Taylor \& Francis},
doi = {10.1080/14786435608238133},
}


@article{leclaire1970,
author = { Le Claire, A. D. },
title = {Solvent Self-Diffusion in Dilute {b.c.c.} Solid Solutions},
journal = philmag # "~A",
volume = {21},
number = {172},
pages = {819--832},
year  = {1970},
publisher = {Taylor \& Francis},
doi = {10.1080/14786437008238468},
}


@article{lidiard1960,
author = { A. B. Lidiard },
title = {The Influence of Solutes on Self-Diffusion in Metals},
journal = philmag # "~A",
volume = {5},
number = {59},
pages = {1171-1180},
year  = {1960},
publisher = {Taylor \& Francis},
doi = {10.1080/14786436008238325},
}

@book{mehrer2007diffusion,
  title={Diffusion in Solids: Fundamentals, Methods, Materials,
    Diffusion-Controlled Processes},
  author={Mehrer, Helmut},
  volume={155},
  year={2007},
  pages={116--122},
  publisher={Springer Science \& Business Media}
}


@article{soderlind1998theory,
  title={Theory of the Crystal Structures of Cerium and the Light Actinides},
  author={Soderlind, Per},
  journal=advph,
  volume={47},
  number={6},
  pages={959--998},
  year={1998},
  publisher={Taylor \& Francis}
}


@article{ye1987phonon,
  title={Phonon-Phonon Coupling and the Stability of the High-Temperature {bcc}
    Phase of {Zr}},
  author={Ye, Y.-Y. and Chen, Y. and Ho, K.-M. and Harmon, B. N. and
    Lindgrd, P.-A.},
  journal=prl,
  volume={58},
  number={17},
  pages={1769--1772},
  year={1987},
  publisher={APS}
}


@article{sanchez1975model,
  title={Model for Anomalous Self-Diffusion in Group-{IV B} Transition Metals},
  author={Sanchez, J M and De Fontaine, D},
  journal=prl,
  volume={35},
  number={4},
  pages={227--230},
  year={1975},
  publisher={APS}
}

@article{vineyard1954theory,
  title={The Theory of Defect Concentration in Crystals},
  author={Vineyard, G H and Dienes, G J},
  journal=pr,
  volume={93},
  number={2},
  pages={265--268},
  year={1954},
  publisher={APS}
}

@article{vineyard1957frequency,
  title={Frequency Factors and Isotope Effects in Solid State Rate Processes},
  author={Vineyard, George H},
  journal=jpcs,
  volume={3},
  number={1-2},
  pages={121--127},
  year={1957},
  publisher={Elsevier}
}

% FIXME - I THINK the one I put in there is correct, but incomplete
article{balluffi1973diffusion,
  title={Diffusion Metals Park},
  author={Balluffi, R W and Ho, P S},
  journal={Am. Soc. Metals, OH},
  pages={83},
  year={1973}
}
Does this actually exist? It's not even in Robert Balluffi's list of publications,
https://academictree.org/physics/publications.php?pid=166909
@inbook{balluffi1973diffusion,
    author = "Balluffi, R. W. and Ho, P. S.",
    title  = "Diffusion",
    publisher = "American Society for Metals",
    address = "Metals Park, Ohio",
    pages = 83,
    year = 1973
}


@article{wolverton2007solute,
  title={Solute--Vacancy Binding in Aluminum},
  author={Wolverton, C},
  journal=actamat,
  volume={55},
  number={17},
  pages={5867--5872},
  year={2007},
  publisher={Elsevier}
}


@article{beeler2010first,
  title="First Principles Calculations for Defects in {U}",
  author={Beeler, B and Good, B and Rashkeev, S and Deo, C and Baskes, M and
    Okuniewski, M},
  journal = jpcm,
  volume={22},
  number={50},
  pages={505703},
  year={2010},
  publisher={IOP Publishing}
}

@article{giannozzi2009quantum,
    author  = "Paolo Giannozzi and Stefano Baroni and Nicola Bonini and
               Matteo Calandra and Roberto Car and Carlo Cavazzoni and
               Davide Ceresoli and Guido L. Chiarotti and Matteo Cococcioni and
               Ismaila Dabo and Dal Corso, Andrea and de Gironcoli, Stefano and
               Stefano Fabris and Guido Fratesi and Ralph Gebauer and
               Uwe Gerstmann and Christos Gougoussis and Anton Kokalj and
               Michele Lazzeri and Layla Martin-Samos and Nicola Marzari and
               Francesco Mauri and Riccardo Mazzarello and Stefano Paolini and
               Alfredo Pasquarello and Lorenzo Paulatto and Carlo Sbraccia and
               Sandro Scandolo and Gabriele Sclauzero and Ari P. Seitsonen and
               Alexander Smogunov and Paolo Umari and Renata M. Wentzcovitch",
    title   = "{QUANTUM ESPRESSO}: {A} Modular and Open-Source Software
               Project for Quantum Simulations of Materials",
    journal = jpcm,
    volume  = 21,
    number  = 39,
    pages   = 395502,
    doi     = "10.1088/0953-8984/21/39/395502",
    month   = sep,
    year    = 2009,
    note    = "{\url{http://www.quantum-espresso.org/}}"
}


@article{Bloechl1994,
    author  = "Bl{\"o}chl, P. E.",
    title   = "Projector Augmented-Wave Method",
    journal = prb,
    volume  = 50,
    number  = 24,
    pages   = "17953--17979",
    month   = dec,
    year    = 1994
}

@article{iasir2020pseudopotential,
  title={Pseudopotential for Plane-Wave Density Functional Theory Studies of
    Metallic Uranium},
  author={Iasir, A Rafi M and Hammond, Karl D},
  journal=compmats,
  volume={171},
  pages={109221},
  year={2020},
  publisher={Elsevier}
}


@misc{pp1,
    author  = "{\textsc{Quantum Espresso}}",
    title   = "{PS} Library",
    howpublished = "{\url{http://www.quantum-espresso.org/pseudopotentials}}",
    year    = 2019
}

@article{dal2014pseudopotentials,
  title="Pseudopotentials Periodic Table: From {H} to {Pu}",
  author={Dal Corso, Andrea},
  journal=compmats,
  volume={95},
  pages={337--350},
  year={2014},
  publisher={Elsevier}
}


@article{Perdew1996b,
    author  = "John P. Perdew and Kieron Burke and Matthias Ernzerhof",
    title   = "Generalized Gradient Approximation Made Simple",
    journal = prl,
    volume  = 77,
    number  = 18,
    pages   = "3865--3868",
    month   = oct,
    year    = 1996
}

@article{Perdew1997,
    author  = "John P. Perdew and Kieron Burke and Matthias Ernzerhof",
    title   = "Generalized Gradient Approximation Made Simple (Errata)",
    journal = prl,
    volume  = 78,
    number  = 7,
    pages   = 1396,
    year    = 1997
}

@article{henkelman2000climbing,
  title={A Climbing Image Nudged Elastic Band Method for Finding Saddle Points
    and Minimum Energy Paths},
  author={Henkelman, Graeme and Uberuaga, Blas P and J{\'o}nsson, Hannes},
  journal=jcp,
  volume={113},
  number={22},
  pages={9901--9904},
  year={2000},
  publisher={American Institute of Physics}
}


@article{henkelman2000improved,
  title={Improved Tangent Estimate in the Nudged Elastic Band Method for
    Finding Minimum Energy Paths and Saddle Points},
  author={Henkelman, Graeme and J{\'o}nsson, Hannes},
  journal=jcp,
  volume={113},
  number={22},
  pages={9978--9985},
  year={2000},
  publisher={American Institute of Physics}
}

@article{xiang2008quantum,
  title={Quantum Mechanical Calculations of Uranium Phases and Niobium Defects
    in {$\gamma$}-Uranium},
  author={Xiang, Shikai and Huang, Hanchen and Hsiung, LM},
  journal=jnm,
  volume={375},
  number={1},
  pages={113--119},
  year={2008},
  publisher={Elsevier}
}


@article{matter1980investigation,
  title={Investigation of Vacancy Formation and Phase Transformations in
    Uranium by Positron Annihilation},
  author={Matter, H and Winter, J and Triftsh{\"a}user, W},
  journal=jnm,
  volume={88},
  number={2-3},
  pages={273--278},
  year={1980},
  publisher={Elsevier}
}

@article{lund2013vacancy,
  title={Vacancy Formation Enthalpy in Polycrystalline Depleted Uranium},
  author={Lund, K R and Lynn, K G and Weber, M H and Okuniewski, M A},
  journal=jpconference,
  volume={443},
  pages={012021},
  year={2013}
}


@article{shin2010first,
  title={First-Principles Study of Solute--Vacancy Binding in Magnesium},
  author={Shin, Dongwon and Wolverton, Christopher},
  journal=actamat,
  volume={58},
  number={2},
  pages={531--540},
  year={2010},
  publisher={Elsevier}
}

@article{saal2012solute,
  title={Solute--Vacancy Binding of the Rare Earths in Magnesium from First
    Principles},
  author={Saal, James E and Wolverton, C},
  journal=actamat,
  volume={60},
  number={13--14},
  pages={5151--5159},
  year={2012},
  publisher={Elsevier}
}


@book{peierls1955,
  title={Quantum Theory of Solids},
  author={Peierls, R E},
  publisher={Clarendon Press},
  address = "Oxford",
  year={1955},
}

@article{Eyring1935,
    author  = "Eyring, Henry",
    title   = "The Activated Complex in Chemical Reactions",
    journal = jcp,
    volume  = 3,
    number  = 2,
    pages   = "107--115",
    doi     = "10.1063/1.1749604",
    month   = feb,
    year    = 1935
}

@article{Evans1935,
    author  = "Evans, M. G. and Polanyi, M.",
    title   = "Some Applications of the Transition State Method to the
               Calculation of Reaction Velocities, Especially in Solution",
    journal = tfs,
    volume  = 31,
    pages   = "875--894",
    doi     = "10.1039/tf9353100875",
    year    =  1935,
}

@article{Heinola2010a,
    author  = "Heinola, K. and Ahlgren, T.",
    title   = "Diffusion of Hydrogen in {bcc} Tungsten Studied with First
               Principle Calculations",
    journal = jap,
    volume  = 107,
    number  = 11,
    pages   = 113531,
    doi     = "10.1063/1.3386515",
    year    = 2010
}


@article{raman1971clustering,
  title={Clustering and solute-vacancy binding energies in {Al}-4.4\% {Zn} alloy with 0.01\% ternary additions},
  author={Raman, KS and Das, ESD and Vasu, KI},
  journal={Journal of Materials Science},
  volume={6},
  number={11},
  pages={1367--1378},
  year={1971},
  publisher={Springer}
}

@article{melikhova2006vacancy,
  title={Vacancy--solute complexes in aluminum},
  author={Melikhova, O and Kuriplach, J and {\v{C}}{\'\i}{\v{z}}ek, J and Proch{\'a}zka, I},
  journal={Applied surface science},
  volume={252},
  number={9},
  pages={3285--3289},
  year={2006},
  doi = "https://doi.org/10.1016/j.apsusc.2005.08.052",
  publisher={Elsevier}
}

@article{kong2014first,
  title={First-principles calculations of transition metal--solute interactions with point defects in tungsten},
  author={Kong, Xiang-Shan and Wu, Xuebang and You, Yu-Wei and Liu, CS and Fang, QF and Chen, Jun-Ling and Luo, G-N and Wang, Zhiguang},
  journal=actamat,
  volume={66},
  pages={172--183},
  year={2014},
  doi = "https://doi.org/10.1016/j.actamat.2013.11.044",
  publisher={Elsevier}
}


@article{simonovic2009impurity,
  title={Impurity diffusion activation energies in {Al} from first principles},
  author={Simonovic, Darko and Sluiter, Marcel HF},
  journal=prb,
  volume={79},
  number={5},
  pages={054304},
  year={2009},
  doi = "https://doi.org/10.1103/PhysRevB.79.054304",
  publisher={APS}
}

@article{hoshino1996local,
  title={Local-density-functional calculations for defect interactions in {Al}},
  author={Hoshino, Toshiharu and Zeller, R and Dederichs, PH},
  journal=prb,
  volume={53},
  number={14},
  pages={8971},
  year={1996},
  doi = "https://doi.org/10.1103/PhysRevB.53.8971",
  publisher={APS}
}

@article{burke1972measurement,
  title={The measurement of solute-vacancy interaction energies},
  author={Burke, J},
  journal = {Journal of the Less-Common Metals},
  volume = {28},
  pages = {441--456},
  doi = "https://doi.org/10.1016/0022-5088(72)90137-3",
  year={1972}
}

@article{ohnuma2009first,
  title={First-principles calculations of vacancy--solute element interactions in body-centered cubic iron},
  author={Ohnuma, Toshiharu and Soneda, Naoki and Iwasawa, Misako},
  journal=actamat,
  volume={57},
  number={20},
  pages={5947--5955},
  year={2009},
  doi = "https://doi.org/10.1016/j.actamat.2009.08.020",
  publisher={Elsevier}
}

@article{prabhakaran2017u,
  title={U-Mo Monolithic Fuel for Nuclear Research and Test Reactors},
  author={Prabhakaran, Ramprashad},
  journal={JOM},
  volume={69},
  number={12},
  pages={2529--2531},
  year={2017},
  doi = "https://doi.org/10.1007/s11837-017-2612-3",
  publisher={Springer}
}

@article{meyer2014irradiation,
  title={Irradiation Performance of {U}-{Mo} Monolithic Fuel},
  author={Meyer, M. K. and Gan, J. and Jue, J. F. and Keiser, D. D. and 
          Perez, E. and Robinson, A. and Wachs, D. M. and Woolstenhulme, N. and 
          Hofman, G. L. and Kim, Y. S.},
  journal=nucet,
  volume={46},
  number={2},
  pages={169--182},
  year={2014},
  doi = "https://doi.org/10.5516/NET.07.2014.706",
  publisher={Elsevier}
}

@article{williams2017post,
  title={Post-Irradiation Non-Destructive Analyses of the AFIP-7 Experiment},
  author={Williams, WJ and Robinson, AB and Rabin, BH},
  journal={JOM},
  volume={69},
  number={12},
  pages={2546--2553},
  year={2017},
  doi = "https://doi.org/10.1007/s11837-017-2552-y",
  publisher={Springer}
}


@techreport{rest2006u,
  title={U--{Mo} fuels handbook. Version 1.0},
  author={Rest, Jeffrey and Kim, Yeon Soo and Hofman, Gerard L and Meyer, Mitchell K and Hayes, Steven L},
  year={2006},
  institution={Argonne National Lab.(ANL), Argonne, IL (United States)}
}

@article{miller2012advantages,
  title ="Advantages and Disadvantages of Using a Focused Ion Beam to Prepare
          {TEM} Samples from Irradiated {U}--10{Mo} Monolithic Nuclear Fuel",
  author = "Miller, Brandon D. and Gan, Jian and Madden, James and 
            Jue, Jan-Fong and Robinson, A. and Keiser, D. D.",
  journal = jnm,
  volume = 424,
  number = 1,
  pages = "38--42",
  doi = "10.1016/j.jnucmat.2012.01.022",
  year = 2012,
}

@article{miller2015transmission,
  title={Transmission Electron Microscopy Characterization of the Fission Gas
         Bubble Superlattice in Irradiated {U}--7wt\% {Mo} Dispersion Fuels},
  author={Miller, B. D. and Gan, J. and Keiser, Jr, D. D. and Robinson, A. B.
          and Jue, J. F. and Madden, J. W. and Medvedev, P. G.},
  journal = jnm,
  volume = {458},
  pages = {115--121},
  doi = "10.1016/j.jnucmat.2014.12.012",
  year = {2015},
  publisher={Elsevier}
}


@article{gan2010transmission,
  title={Transmission Electron Microscopy Characterization of Irradiated
         {U}--7{Mo}/{Al}--2{Si} Dispersion Fuel},
  author={Gan, Jian and Keiser, D. D. and Wachs, Dan M. and Robinson, Adam B.
          and Miller, Brandon D. and Allen, Todd R.},
  journal=jnm,
  volume={396},
  number={2},
  pages={234--239},
  doi = "10.1016/j.jnucmat.2009.11.015",
  year={2010},
  publisher={Elsevier}
}

@article{gan2012tem,
  title={{TEM} Characterization of {U}--7{Mo}/{Al}--2{Si} Dispersion Fuel
         Irradiated to Intermediate and High Fission Densities},
  author={Gan, Jian and Keiser, D. D. and Miller, Brandon D. and
          Robinson, Adam B. and Jue, Jan-Fong and Medvedev, Pavel and
          Wachs, Dan M.},
  journal=jnm,
  volume={424},
  number={1},
  pages={43--50},
  year={2012},
  publisher={Elsevier}
}


@article{van2008transmission,
  title={Transmission Electron Microscopy Investigation of Irradiated
         {U}--{7wt\%} {Mo} Dispersion Fuel},
  author={Van den Berghe, Sven and Van Renterghem, Wouter and Leenaers, Ann},
  journal=jnm,
  volume={375},
  number={3},
  pages={340--346},
  year={2008},
  publisher={Elsevier}
}

