@article{Schulz1981,
    author  = "Brigitte Schulz",
    title   = "Thermal Conductivity of Porous and Highly Porous",
    journal = hightemppress,
    volume  = 13,
    pages   = "649--660",
    year    = 1981
}

@article{Gan2015,
    author  = "Gan, J. and Keiser, Jr., D. D. and Miller, B. D. and
               Robinson, A. B. and Wachs, D. M. and Meyer, M. K.",
    title   = "Thermal Stability of Fission Gas Bubble Superlattice in
               Irradiated {U--10Mo} Fuel",
    journal = jnm,
    volume  = 464,
    pages   = "1--5",
    doi     = "10.1016/j.jnucmat.2015.04.023",
    month   = sep,
    year    = 2015
}

@article{burkes2015thermal,
  title = "Thermal Properties of {U}--{Mo} Alloys Irradiated to Moderate
           Burnup and Power",
  author = "Burkes, Douglas E. and Casella, Andrew M. and Casella, Amanda J.
            and Buck, Edgar C. and Pool, Karl N. and {MacF}arlan, Paul J. and
            Edwards, Matthew K. and Smith, Frances N.",
  journal = jnm,
  volume = 464,
  pages = {331--341},
  doi = "10.1016/j.jnucmat.2015.04.040",
  year = 2015,
}

@article{miller2012advantages,
  title ="Advantages and Disadvantages of Using a Focused Ion Beam to Prepare
          {TEM} Samples from Irradiated {U}--10{Mo} Monolithic Nuclear Fuel",
  author = "Miller, Brandon D. and Gan, Jian and Madden, James and
            Jue, Jan-Fong and Robinson, A. and Keiser, D. D.",
  journal = jnm,
  volume = 424,
  number = 1,
  pages = "38--42",
  doi = "10.1016/j.jnucmat.2012.01.022",
  year = 2012,
}

@book{rabinovich1987thermophysical,
  title = "Thermophysical Properties of Neon, Argon, Krypton, and Xenon",
  author = "Rabinovich, Viktor Abramovich and Vasserman, A. A. and
            Nedostup, V. I. and Veksler, Lo S.",
  year={1987},
  publisher={Hemisphere Publishing Corporation},
  address = {New York, NY}
}

@book{maxwell1881treatise,
  title={A Treatise on Electricity and Magnetism},
  author={Maxwell, James Clerk},
  volume={1},
  year={1881},
  publisher={Clarendon Press},
  address={Oxford}
}

@article{hashin1962variational,
  title={A Variational Approach to the Theory of the Effective Magnetic
         Permeability of Multiphase Materials},
  author={Hashin, Zvi and Shtrikman, Shmuel},
  journal = jap,
  volume={33},
  number={10},
  pages={3125--3131},
  year={1962},
  publisher={AIP}
}

@article{burkes2010thermo,
  title={Thermo-physical properties of {DU}--10wt.\% {Mo} alloys},
  author={Burkes, Douglas E and Papesch, Cynthia A and Maddison, Andrew P and Hartmann, Thomas and Rice, Francine J},
  journal = jnm,
  volume={403},
  number={1},
  pages={160--166},
  doi = "10.1016/j.jnucmat.2010.06.018",
  year={2010},
  publisher={Elsevier}
}

@article{xiao2015atomistic,
  title={Atomistic Simulations of the Small Xenon Bubble Behavior in {U}--{Mo}
         Alloy},
  author={Xiao, Hongxing and Long, Chongsheng and Tian, Xiaofeng and Li, Shujian},
  journal = matsdes,
  volume={74},
  pages={55--60},
  doi = "10.1016/j.matdes.2015.02.005",
  year={2015},
  publisher={Elsevier}
}

@article{zheng2014thermodynamics,
  title={Thermodynamics, Compressibility, and Phase Diagram: {S}hock
         Compression of Supercritical Fluid Xenon},
  author={Zheng, J. and Chen, Q. F. and Gu, Y. J. and Chen, Z. Y. and
          Li, C. J.},
  journal = jcp,
  volume={141},
  number={12},
  pages={124},
  year={2014},
  publisher={AIP}
}

@article{miller2015transmission,
  title={Transmission Electron Microscopy Characterization of the Fission Gas
         Bubble Superlattice in Irradiated {U}--7wt\% {Mo} Dispersion Fuels},
  author={Miller, B. D. and Gan, J. and Keiser, Jr, D. D. and Robinson, A. B.
          and Jue, J. F. and Madden, J. W. and Medvedev, P. G.},
  journal = jnm,
  volume = {458},
  pages = {115--121},
  doi = "10.1016/j.jnucmat.2014.12.012",
  year = {2015},
  publisher={Elsevier}
}

@article{gaston2009moose,
  title={{MOOSE}: A Parallel Computational Framework for Coupled Systems of
         Nonlinear Equations},
  author={Gaston, Derek and Newman, Chris and Hansen, Glen and
          Lebrun-Grandie, Damien},
  journal= nuced,
  volume={239},
  number={10},
  pages={1768--1778},
  year={2009},
  publisher={Elsevier}
}

@article{greenwood1959role,
  title={The Role of Vacancies and Dislocations in the Nucleation and Growth of
         Gas Bubbles in Irradiated Fissile Material},
  author={Greenwood, G. W. and Foreman, A. J. E. and Rimmer, D. E.},
  journal = jnm,
  volume={1},
  number={4},
  pages={305--324},
  year={1959},
  publisher={Elsevier}
}

@article{trinkaus1983energetics,
  title={Energetics and Formation Kinetics of Helium Bubbles in Metals},
  author={Trinkaus, H.},
  journal = radeff,
  volume={78},
  number={1--4},
  pages={189--211},
  year={1983},
  publisher={Taylor \& Francis}
}

@incollection{thomas1991condensed,
  title="Condensed-Phase Xenon and Krypton in {UO$_2$} Spent Fuel",
  author={Thomas, L. E.},
  booktitle={Fundamental Aspects of Inert Gases in Solids},
  pages={431--441},
  year={1991},
  publisher={Springer},
  address={New York}
}

@article{ross1980condensed,
  title={Condensed Xenon at High Pressure},
  author={Ross, M. and {McM}ahan, A. K.},
  journal=prb,
  volume={21},
  number={4},
  pages={1658--1664},
  doi = "10.1103/PhysRevB.21.1658",
  year={1980},
  publisher={APS}
}

@inproceedings{clark2003monolithic,
  title={Monolithic Fuel Plate Development at {A}rgonne {N}ational
         {L}aboratory},
  author={Clark, C. R. and Knighton, G. C. and Meyer, M. K. and Hofman, G. L.},
  booktitle={2003 International Meeting on Reduced Enrichment for Research and
             Test Reactors},
  address = "Chicago, Illinois",
  month = oct,
  volume={1},
  totalpages={10},
  url = "http://www.iaea.org/inis/collection/NCLCollectionStore/_Public/35/068/35068367.pdf",
  year=2003
}
  url = "https://www.rertr.anl.gov/RERTR25/HTML/Clark.html",

@article{smith2013thermal,
  title = {Thermal Conductivity of Porous Materials},
  author = {Smith, David S. and Alzina, Arnaud and Bourret, Julie and
            Nait-Ali, Beno{\^\i}t and Pennec, Fabienne and
            Tessier-Doyen, Nicolas and Otsu, Kodai and Matsubara, Hideaki and
            Elser, Pierre and Gonzenbach, Urs. T.},
  journal = jmatsres,
  volume={28},
  number={17},
  pages={2260--2272},
  year={2013},
  publisher={Cambridge University Press}
}

@article{snelgrove1997development,
  title={Development of Very-High-Density Low-Enriched-Uranium Fuels},
  author={Snelgrove, James L. and Hofman, G. L. and Meyer, M. K. and
          Trybus, C. L. and Wiencek, T. C.},
  journal=nuced,
  volume={178},
  number={1},
  pages={119--126},
  year={1997},
  publisher={Elsevier},
    doi = "10.1016/S0029-5493(97)00217-3"
}

@article{ewh2010microstructural,
  title={Microstructural Characterization of {U-Nb-Zr}, {U-Mo-Nb}, and
         {U-Mo-Ti} Alloys via Electron Microscopy},
  author={Ewh, A. and Perez, E. and Keiser, D. D. and Sohn, Y. H.},
  journal = jped,
  volume={31},
  number={3},
  pages={216--222},
  year={2010},
  publisher={Springer}
}

@article{smirnova2013ternary,
  title={A Ternary {EAM} Interatomic Potential for {U}--{Mo} Alloys with
         Xenon},
  author={Smirnova, D. E. and Kuksin, A. Yu. and Starikov, S. V. and
          Stegailov, V. V. and Insepov, Z. and Rest, J. and Yacout, A. M.},
  journal = msmse,
  volume={21},
  number={3},
  pages={035011},
  year={2013},
  publisher={IOP Publishing}
}

@article{rest2009analysis,
  title={Analysis of Intergranular Fission-Gas Bubble-Size Distributions in
        Irradiated Uranium--Molybdenum Alloy Fuel},
  author={Rest, J. and Hofman, G. L. and Kim, Yeon Soo},
  journal=jnm,
  volume={385},
  number={3},
  pages={563--571},
  year={2009},
  publisher={Elsevier}
}

@article{landa2013density,
  title={Density-Functional Study of {bcc} {U}--{Mo}, {Np}--{Mo}, {Pu}--{Mo},
        and {Am}--{Mo} Alloys},
  author={Landa, A. and S{\"o}derlind, P. and Turchi, P. E. A.},
  journal=jnm,
  volume={434},
  number={1},
  pages={31--37},
  year={2013},
  publisher={Elsevier}
}

@article{rondinella2010high,
  title={The High Burn-Up Structure in Nuclear Fuel},
  author={Rondinella, Vincenzo V. and Wiss, Thierry},
  journal=mattoday,
  volume={13},
  number={12},
  pages={24--32},
  year={2010},
  publisher={Elsevier}
}


@article{stehle1988performance,
  title={Performance of Oxide Nuclear Fuel in Water-Cooled Power Reactors},
  author={Stehle, H.},
  journal=jnm,
  volume={153},
  pages={3--15},
  year={1988},
  publisher={Elsevier}
}


@article{noirot2008detailed,
  title={Detailed Characterisations of High Burn-Up Structures in Oxide Fuels},
  author={Noirot, J. and Desgranges, L. and Lamontagne, J.},
  journal=jnm,
  volume={372},
  number={2},
  pages={318--339},
  year={2008},
  publisher={Elsevier}
}

@article{meyer2014irradiation,
  title={Irradiation Performance of {U}-{Mo} Monolithic Fuel},
  author={Meyer, M. K. and Gan, J. and Jue, J. F. and Keiser, D. D. and
          Perez, E. and Robinson, A. and Wachs, D. M. and Woolstenhulme, N. and
          Hofman, G. L. and Kim, Y. S.},
  journal=nucet,
  volume={46},
  number={2},
  pages={169--182},
  year={2014},
  publisher={Elsevier}
}

@article{kim2011fission,
  title={Fission Product Induced Swelling of {U}--{Mo} Alloy Fuel},
  author={Kim, Yeon Soo and Hofman, G. L.},
  journal=jnm,
  volume={419},
  number={1},
  pages={291--301},
  year={2011},
  publisher={Elsevier}
}

@article{macewan1967effect,
  title={Effect of Porosity on the Thermal Conductivity of {UO}$_2$},
  author={M{acE}wan, J. B. and Stoute, R. L. and Notley, M. J. F.},
  journal=jnm,
  volume={24},
  number={1},
  pages={109--112},
  year={1967},
  publisher={North-Holland}
}

@article{goldsmith1973measurements,
  title={Measurements of the Thermal Conductivity of Uranium Dioxide at
         670--1270 {K}},
  author={Goldsmith, L. A. and Douglas, J. A. M.},
  journal=jnm,
  volume={47},
  number={1},
  pages={31--42},
  year={1973},
  publisher={Elsevier}
}

@article{devries1989experimental,
  title={An Experimental Determination of the Thermal Conductivity of a {304L}
         Stainless Steel Powder Metallurgy Material},
  author={{DeV}ries, M. F.},
  journal=jheattran,
  volume={111},
  pages={281},
  year={1989}
}

@article{loeb1954thermal,
  title={Thermal Conductivity: {VIII}, {A} Theory of Thermal Conductivity of
         Porous Materials},
  author={Loeb, Arthur L.},
  journal=amerceramics,
  volume={37},
  number={2},
  pages={96--99},
  year={1954},
  publisher={Wiley Online Library}
}

@article{cunningham1981heat,
  title={Heat Conduction in Spheres Packed in an Infinite Regular Cubical
         Array},
  author={Cunningham, M. E. and Peddicord, K. L.},
  journal=ijheatmass,
  volume={24},
  number={7},
  pages={1081--1088},
  year={1981},
  publisher={Elsevier}
}

@article{tzou1991effect,
  title={The Effect of Internal Heat Transfer in Cavities on the Overall
         Thermal Conductivity},
  author={Tzou, Da Yu},
  journal=ijheatmass,
  volume={34},
  number={7},
  pages={1839--1846},
  year={1991},
  publisher={Elsevier}
}

@article{bauer1993general,
  title={A General Analytical Approach Toward the Thermal Conductivity of
         Porous Media},
  author={Bauer, T. H.},
  journal=ijheatmass,
  volume={36},
  number={17},
  pages={4181--4191},
  year={1993},
  publisher={Elsevier}
}

@article{bakker1995determination,
  title="Determination of a Porosity Correction Factor for the Thermal
         Conductivity of Irradiated {UO$_2$} Fuel by Means of the Finite
         Element method",
  author={Bakker, K. and Kwast, H. and Cordfunke, E. H. P.},
  journal=jnm,
  volume={226},
  number={1--2},
  pages={128--143},
  year={1995},
  publisher={Elsevier}
}

@article{bakker1997using,
  title={Using the Finite Element Method to Compute the Influence of Complex
         Porosity and Inclusion Structures on the Thermal and Electrical
         Conductivity},
  author={Bakker, K.},
  journal=ijheatmass,
  volume={40},
  number={15},
  pages={3503--3511},
  year={1997},
  publisher={Elsevier}
}

@article{yun2014simulation,
  title={Simulation of the Impact of 3-{D} Porosity Distribution in Metallic
         {U}--10{Zr} Fuels},
  author={Yun, Di and Yacout, Abdellatif M. and Stan, Marius and
          Bauer, Theodore H. and Wright, Arthur E.},
  journal=jnm,
  volume={448},
  number={1},
  pages={129--138},
  year={2014},
  publisher={Elsevier}
}

@article{teague2014using,
  title={Using Coupled Mesoscale Experiments and Simulations to Investigate
         High Burn-Up Oxide Fuel Thermal Conductivity},
  author={Teague, Melissa C. and Fromm, Bradley S. and Tonks, Michael R. and
          Field, David P.},
  journal=jom,
  volume={66},
  number={12},
  pages={2569--2577},
  year={2014},
  publisher={Springer}
}

@article{hu2015assessment,
  title={Assessment of Effective Thermal Conductivity in {U}--{Mo} Metallic
         Fuels with Distributed Gas Bubbles},
  author={Hu, Shenyang and Casella, Andrew M. and Lavender, Curt A. and
          Senor, David J. and Burkes, Douglas E.},
  journal=jnm,
  volume={462},
  pages={64--76},
  year={2015},
  publisher={Elsevier}
}

@article{mazey1986bubble,
  title={Bubble Lattice Formation in Titanium Injected with Krypton Ions},
  author={Mazey, D. J. and Evans, J. H.},
  journal=jnm,
  volume={138},
  number={1},
  pages={16--18},
  year={1986},
  publisher={Elsevier}
}

@article{johnson2006helium,
  title={Helium Gas-Bubble Superlattice Formation in Molybdenum},
  author={Johnson, P. B. and Lawson, Fenella},
  journal=nimprb,
  volume={243},
  number={2},
  pages={325--334},
  year={2006},
  publisher={Elsevier}
}

@article{johnson1991image,
  title={Image Processing Techniques in the Study of Ordered Bubble Arrays:
         Bubble Facetting in Vanadium},
  author={Johnson, P. B. and Stevens, K. J. and Thomson, R. W.},
  journal=nimprb,
  volume={62},
  number={2},
  pages={218--227},
  year={1991},
  publisher={Elsevier}
}

@article{evans1986solid,
  title={Solid Bubble Formation in Titanium Injected with Krypton Ions},
  author={Evans, J. H. and Mazey, D. J.},
  journal=jnm,
  volume={138},
  number={2-3},
  pages={176--184},
  year={1986},
  doi = "10.1016/0022-3115(86)90004-8",
  publisher={Elsevier}
}

@article{johnson1980gas,
  title="The Gas-Bubble Superlattice and the Development of Surface Structure
         in {He$^+$} and {H} Irradiated Metals at 300~{K}",
  author={Johnson, P. B. and Mazey, D. J.},
  journal=jnm,
  volume={93--94},
  pages={721--727},
  year={1980},
  doi = "10.1016/0022-3115(80)90198-1",
  publisher={Elsevier}
}

@article{johnson1980hydrogen,
  title="Hydrogen Gas-Bubble Structure in Proton-Irradiated Copper at 300~{K}",
  author={Johnson, P. B. and Mazey, D. J.},
  journal=jnm,
  volume={91},
  number={1},
  pages={41--46},
  year={1980},
  publisher={Elsevier}
}

@article{lawson1998temperature,
  title={A Temperature Threshold for Gas-Bubble Superlattice Formation in
         Molybdenum},
  author={Lawson, F. E. and Johnson, P. B.},
  journal=jnm,
  volume={252},
  number={1-2},
  pages={34--42},
  year={1998},
  publisher={Elsevier}
}

@article{johnson1988he,
  title={The {He} Gas Bubble Superlattice in {Cu}: {A}nalysis of Structural
         Variants in \{110\} Grains},
  author={Johnson, P. B. and Diprose, A. L. and Mazey, D. J.},
  journal=jnm,
  volume={158},
  pages={108--118},
  year={1988},
  publisher={Elsevier}
}

@article{evans1983void,
  title={Void and Bubble Lattice Formation in Molybdenum: {A} Mechanism Based
         on Two-Dimensional Self-Interstitial Diffusion},
  author={Evans, J. H.},
  journal=jnm,
  volume={119},
  number={2--3},
  pages={180--188},
  year={1983},
  publisher={Elsevier}
}

@article{johnson1995gas,
  title={Gas-Bubble Superlattice Formation in bcc Metals},
  author={Johnson, P. B. and Mazey, D. J.},
  journal=jnm,
  volume={218},
  number={3},
  pages={273--288},
  year={1995},
  publisher={Elsevier}
}

@article{ghoniem2001theory,
  title={Theory and Experiment of Nanostructure Self-Organization in Irradiated
         Materials},
  author={Ghoniem, N. M. and Walgraef, Daniel and Zinkle, S. J.},
  journal=jcamatd,
  volume={8},
  number={1},
  pages={1--38},
  year={2001},
  publisher={Springer}
}

@article{gan2010transmission,
  title={Transmission Electron Microscopy Characterization of Irradiated
         {U}--7{Mo}/{Al}--2{Si} Dispersion Fuel},
  author={Gan, Jian and Keiser, D. D. and Wachs, Dan M. and Robinson, Adam B.
          and Miller, Brandon D. and Allen, Todd R.},
  journal=jnm,
  volume={396},
  number={2},
  pages={234--239},
  doi = "10.1016/j.jnucmat.2009.11.015",
  year={2010},
  publisher={Elsevier}
}

@article{gan2012tem,
  title={{TEM} Characterization of {U}--7{Mo}/{Al}--2{Si} Dispersion Fuel
         Irradiated to Intermediate and High Fission Densities},
  author={Gan, Jian and Keiser, D. D. and Miller, Brandon D. and
          Robinson, Adam B. and Jue, Jan-Fong and Medvedev, Pavel and
          Wachs, Dan M.},
  journal=jnm,
  volume={424},
  number={1},
  pages={43--50},
  year={2012},
  publisher={Elsevier}
}

@article{kittel1993history,
  title={History of Fast Reactor Fuel Development},
  author={Kittel, J. H. and Frost, B. R. T. and Mustelier, J. P. and
          Bagley, K. Q. and Crittenden, G. C. and Van Dievoet, J.},
  journal=jnm,
  volume={204},
  pages={1--13},
  year={1993},
  publisher={Elsevier}
}

@article{keiser2012effects,
  title={Effects of Irradiation on the Microstructure of {U}--7{Mo} Dispersion
         Fuel with {Al}--2{Si} Matrix},
  author={Keiser, Dennis D. and Jue, Jan-Fong and Robinson, Adam B. and
          Medvedev, Pavel and Gan, Jian and Miller, Brandon D. and
          Wachs, Daniel M. and Moore, Glenn A. and Clark, Curtis R. and
          Meyer, Mitchell K. and Finlay, M. Ross},
  journal=jnm,
  volume={425},
  number={1},
  pages={156--172},
  year={2012},
  publisher={Elsevier}
}

@inproceedings{hofman2004post,
  title={Post-Irradiation Analysis of Low Enriched {U}--{Mo}/{Al} Dispersions
    Fuel Miniplate Tests, {RERTR} 4 \& 5},
  author={Hofman, G. L. and Finlay, M. R. and Kim, Y. S.},
  booktitle={Proceedings of the 26th International Meeting on Reduced
    Enrichment for Research and Test Reactors (RERTR)},
  pages={7--12},
  year={2004},
  address={Vienna, Austria}
}

@article{van2008transmission,
  title={Transmission Electron Microscopy Investigation of Irradiated
         {U}--{7wt\%} {Mo} Dispersion Fuel},
  author={Van den Berghe, Sven and Van Renterghem, Wouter and Leenaers, Ann},
  journal=jnm,
  volume={375},
  number={3},
  pages={340--346},
  year={2008},
  publisher={Elsevier}
}

@article{leenaers2004post,
  title={Post-Irradiation Examination of Uranium--7wt\% Molybdenum Atomized
         Dispersion Fuel},
  author={Leenaers, Ann and Van den Berghe, S. and Koonen, E. and Jarousse, C.
          and Huet, F. and Trotabas, M. and Boyard, M. and Guillot, S. and
          Sannen, L. and Verwerft, M.},
  journal=jnm,
  volume={335},
  number={1},
  pages={39--47},
  year={2004},
  publisher={Elsevier}
}

@article{jue2014microstructural,
  title={Microstructural characteristics of HIP-bonded monolithic nuclear fuels with a diffusion barrier},
  author={Jue, Jan-Fong and Keiser, Dennis D. and Breckenridge, Cynthia R. and
          Moore, Glenn A. and Meyer, Mitchell K.},
  journal=jnm,
  volume={448},
  number={1},
  pages={250--258},
  year={2014},
  publisher={Elsevier}
}

@book{kaufmann1962nuclear,
  title={Nuclear Reactor Fuel Elements: Metallurgy and Fabrication},
  author={Kaufmann, Albert R.},
  year={1962},
  publisher={Interscience Publishers},
  address={New York}
}

NOT the right categorization for this, but let's let APS sort it out....
@incollection{trelis,
	author={{Trellis Pro}},
	title={Computational Simulation Software},
	howpublished={http://www.csimsoft.com/trelis.jsp},
	year={2012--2017},
    publisher = "csimsoft, LLC.",
	address={American Fork, Utah}
}

@article{meyer2000irradiation,
  title={Irradiation Behavior of {U$_6$Mn}--{Al} Dispersion Fuel Elements},
  author={Meyer, M. K. and Wiencek, T. C. and Hayes, S. L. and Hofman, G. L.},
  journal=jnm,
  volume={278},
  number={2},
  pages={358--363},
  year={2000},
  publisher={Elsevier},
    doi = "10.1016/S0022-3115(99)00280-9"
}

@article{hofman1987irradiation,
  title={Irradiation Behavior of Low-Enriched {U$_6$Fe}-{Al} Dispersion Fuel
         Elements},
  author={Hofman, G. L. and Domagala, R. F. and Copeland, G. L.},
  journal=jnm,
  volume={150},
  number={2},
  pages={238--243},
  year={1987},
  publisher={Elsevier},
    doi = "10.1016/0022-3115(87)90079-1"
}

@inbook{ASM-Alloy-Mo,
    editor  = "Hiroaki Okamoto and Mark E. Schlesinger and Erik M. Mueller",
    title = "{Mo} (Molybdenum) Binary Alloy Phase Diagrams",
    booktitle = "Alloy Phase Diagrams",
    volume = 3,
    series = "ASM Handbook",
    publisher = "ASM International",
    pages = "489--498",
    year = 2016
}

@article{Berche2011,
    author  = "A. Berche and N. Dupin and C. Gu{\'e}nau and C. Rado and
               B. Sundman and J. C. Dumas",
    title   = "Calphad Thermodynamic Description of Some Binary Systems
               Involving {U}",
    journal = jnm,
    volume  = 411,
    year    = 2011,
    pages   = "131--143",
    doi     = "10.1016/j.jnucmat.2011.01.043",
}

@article{donze1959stabilisation,
  title={Stabilisation de la Phase $\gammaup$ Dans Les Alliages Ternaires a Base d'Uranium-Molybdene},
  author={Donz{\'e}, G and Cabane, G},
  journal=jnm,
  volume={1},
  number={4},
  pages={364--373},
  year={1959},
  doi = "10.1016/0022-3115(59)90034-0",
  publisher={Elsevier}
}

  title={Formation de phases de transition dans l'alliage {U}-7, 5\% {Nb}-2, 5\% {Zr}},
@article{giraud1973formation,
  author={Giraud-Heraud, F and Guillaumin, J},
  title = "Transition Phase Formation in {U-7,5\% Nb-2,5\%Zr} Alloy",
  journal=actametal,
  volume={21},
  number={9},
  pages={1243--1252},
  year={1973},
  publisher={Elsevier},
    doi = "10.1016/0001-6160(73)90165-X"
}

@article{lopes2013mechanical,
  title={Mechanical and Thermal Behaviour of {U--Mo} and {U}--{Nb}--{Zr} Alloys},
  author={Lopes, Denise Adorno and Restivo, Thomaz Augusto Guisard and Padilha, Angelo Fernando},
  journal=jnm,
  volume={440},
  number={1},
  pages={304--309},
  year={2013},
  publisher={Elsevier},
    doi = "10.1016/j.jnucmat.2013.05.014"
}

@article{blades1956ratio,
  title={The Ratio of Xenon to Krypton in {U\textsuperscript{235}} Fission},
  author={Blades, AT and Fleming, WH and Thode, HG},
  journal=canjchem,
  volume={34},
  number={3},
  pages={233--237},
  year={1956},
  publisher={NRC Research Press}
}

@article{petruska1955absolute,
  title={The Absolute Fission Yields of Twenty-Eight Mass Chains in the Thermal Neutron Fission of {U\textsuperscript{235}}},
  author={Petruska, JA and Thode, HG and Tomlinson, RH},
  journal=canjphys,
  volume={33},
  number={11},
  pages={693--706},
  year={1955},
  publisher={NRC Research Press}
}


@article{kim2013recrystallization,
  title={Recrystallization and fission-gas-bubble swelling of {U}--{Mo} fuel},
  author={Kim, Yeon Soo and Hofman, GL and Cheon, JS},
  journal=jnm,
  volume={436},
  number={1},
  pages={14--22},
  year={2013},
  doi = "10.1016/j.jnucmat.2010.06.018",
  publisher={Elsevier}
}

@article{bauer1995pile,
  title={In-pile measurement of the thermal conductivity of irradiated metallic fuel},
  author={Bauer, Theodore H and Holland, John W},
  journal=nuctech,
  volume={110},
  number={3},
  pages={407--421},
  year={1995},
  publisher={Taylor \& Francis}
}

@article{peddicord1978porosity,
  title={Porosity correction to thermal conductivity based on analytical temperature solutions},
  author={Peddicord, K. L. and Cunningham, M. E. and Tripathi, A},
  journal=transans,
  volume={28},
  pages = "548",
  year={1978}
}


@article{gan2015thermal,
  title={Thermal stability of fission gas bubble superlattice in irradiated {U}--10{Mo} fuel},
  author={Gan, J and Keiser, DD and Miller, BD and Robinson, AB and Wachs, DM and Meyer, MK},
  journal={Journal of Nuclear Materials},
  volume={464},
  pages={1--5},
  year={2015},
  publisher={Elsevier}
}

@article{ishimoto1994effects,
  title={Effects of soluble fission products on thermal conductivities of nuclear fuel pellets},
  author={Ishimoto, Shinji and Hirai, Mutsumi and Ito, Kenichi and Korei, Yoshiaki},
  journal={Journal of Nuclear Science and Technology},
  volume={31},
  number={8},
  pages={796--802},
  year={1994},
  publisher={Taylor \& Francis}
}

@article{kang2007thermal,
  title={Thermal Conductivity of Simulated Fuels with Dissolved Fission Products},
  author={Kang, KH and Song, KC and Lee, SH and Kim, SW},
  journal={International Journal of Thermophysics},
  volume={28},
  number={6},
  pages={2188--2197},
  year={2007},
  publisher={Springer}
}


@article{wilke1950viscosity,
  title={A viscosity equation for gas mixtures},
  author={Wilke, CR},
  journal=jcp,
  volume={18},
  number={4},
  pages={517--519},
  year={1950},
  publisher={AIP}
}

@inproceedings{alkandry2013comparison,
  title={Comparison of models for mixture transport properties for numerical simulations of ablative heat-shields},
  author={Alkandry, Hicham and Boyd, Iain and Martin, Alexandre},
  booktitle={51st AIAA Aerospace Sciences Meeting including the New Horizons Forum and Aerospace Exposition},
  pages={303},
  year={2013}
}

@book{vincenti1965introduction,
  title={Introduction to Physical Gas Dynamics},
  author={Vincenti, Walter Guido and Kruger, Charles H},
  publisher = "John Wiley and Sons",
  address = "New York",
  year = 1965,
}
