@inproceedings{glaser2005enrichment,
  title={About the enrichment limit for research reactor conversion: Why 20\%?},
  author={Glaser, Alexander},
  booktitle={The 27th International Meeting on Reduced Enrichment for Research and Test Reactors (RERTR)},
  year={2005},
  month={Nov},
  address = {Boston, Massachusetts},
}

@book{international2005iaea,
  title={Management of High Enriched Uranium for Peaceful Purposes: 
Status and Trends},
  author = {IAEA},
  series={TECDOC Series},
  number={1452},
  year={2005},
  isbn={92-0-105405-X},
  url={https://www.iaea.org/publications/7146/management-of-high-enriched-uranium-for-peaceful-purposes-status-and-trends},
  publisher={International Atomic Energy Agency},
  address={Vienna}
}


@article{donnelly1980,
title = {INFCE and US non-proliferation policy},
journal = {Energy Policy},
volume = {8},
number = {4},
pages = {335-338},
year = {1980},
issn = {0301-4215},
doi = {https://doi.org/10.1016/0301-4215(80)90110-X},
url = {https://www.sciencedirect.com/science/article/pii/030142158090110X},
author = {Warren H. Donnelly},
}

@book{serber1992alamos,
  title={The Los Alamos Primer: The First Lectures on How to Build an Atomic Bomb},
  author={Serber, Robert},
  year={1992},
  publisher={University of California Press}
}

@book{national2016reducing,
  title={Reducing the Use of Highly Enriched Uranium in Civilian Research
    Reactors},
  author={{National Academies of Sciences, Engineering, and Medicine}},
  year={2016},
  pages = {12--19},
  publisher={National Academies Press},
address   = {Washington, DC}
}

@book{national2012progress,
  title={Progress, Challenges, and Opportunities for Converting U.S. and Russian Research Reactors: A Workshop Report},
  author={{National Research Council}},
  year={2012},
  publisher={National Academies Press},
  address   = {Washington, DC}
}



@book{kaufmann1962nuclear,
  title={Nuclear Reactor Fuel Elements: Metallurgy and Fabrication},
  author={Kaufmann, Albert R.},
  year={1962},
  publisher={Interscience Publishers},
  address={New York}
}

@article{meyer2014irradiation,
  title={Irradiation Performance of {U}-{Mo} Monolithic Fuel},
  author={Meyer, M. K. and Gan, J. and Jue, J. F. and Keiser, D. D. and
          Perez, E. and Robinson, A. and Wachs, D. M. and Woolstenhulme, N. and
          Hofman, G. L. and Kim, Y. S.},
  journal=nucet,
  volume={46},
  number={2},
  pages={169--182},
  year={2014},
  publisher={Elsevier}
}

@article{burkes2021thermal,
  title={Thermal properties of {U--Mo} alloys irradiated under high fission power density},
  author = {Douglas E. Burkes and Ian J. Schwerdt and Tanja K. Huber and Harald Breitkreutz and Christian Reiter and Winfried Petry and Jason L. Schulthess and Andrew M. Casella and Amanda J. Casella and Edgar C. Buck and Karl N. Pool and Paul J. MacFarlan and Matthew K. Edwards and Frances N. Smith},
  journal=jnm,
  volume={547},
  pages={152823},
  year={2021},
  publisher={Elsevier}
}

@article{pugh1961swelling,
  title={Swelling in alpha uranium due to irradiation},
  author={Pugh, SF},
  journal=jnm,
  volume={4},
  number={2},
  pages={177--199},
  year={1961},
  doi ="10.1016/0022-3115(61)90126-X",
  publisher={Elsevier}
}

@techreport{loomis1962swelling,
  title={Swelling of Uranium and Uranium Alloys on Postirradiation Annealing},
  author={Loomis, BA and Pracht, DW},
  number="ANL-6532",
  year={1962},
  doi = "https://doi.org/10.2172/4749949",
  institution={Argonne National Laboratory, Argonne, Illinois, USA}
}

@techreport{chiswik1958osti,
title = {Advances in the Physical Metallurgy of Uranium and its Alloys},
author = {Chiswik, H H and Dwight, A E and Lloyd, L T and Nevitt, M V and Zegler, S T},
year = {1958},
number = "A/CONF.15/P/713",
doi = "https://doi.org/10.2172/4322509",
institution={Argonne National Laboratory, Lemont, Illinois, USA}
}

@inbook{farrell2012,
title = {Performance of {A}luminum in {R}esearch {R}eactors},
editor = {Rudy J.M. Konings},
booktitle = {Comprehensive Nuclear Materials},
publisher = {Elsevier},
address = {Oxford},
volume = 5,
chapter = {5},
pages = {143-187},
year = {2012},
isbn = {978-0-08-056033-5},
doi = {https://doi.org/10.1016/B978-0-08-056033-5.00113-0},
url = {https://www.sciencedirect.com/science/article/pii/B9780080560335001130},
author = {K. Farrell},
}

@techreport{white1957,
title={Irradiation Behavior of Dispersion Fuels},
author={White, D. W. and Beard, A. P. and Willis, A. H.},
year = {1957},
number="KAPL-1909; KAPL-P-1849",
doi = "https://doi.org/10.2172/4317012",
institution = {Knolls Atomic Power Laboratory, Schenectady, New York (USA)},
url = {https://www.osti.gov/biblio/4317012}
}

@inproceedings{sannen2014,
author = {Sannen, Leo and van den Berghe, Sven and Leenaers, Ann},
title = {Status of the Low Enriched Uranium Fuel Development for High Performance Research Reactors},
year = {2014},
month = {12},
volume = {94},
pages = {43--54},
booktitle = {{6th Forum on New Materials - Part B}},
series = {Advances in Science and Technology},
publisher = {Trans Tech Publications Ltd},
doi = {10.4028/www.scientific.net/AST.94.43},
}

@article{meyer2000irradiation,
  title={Irradiation Behavior of {U$_6$Mn}--{Al} Dispersion Fuel Elements},
  author={Meyer, M. K. and Wiencek, T. C. and Hayes, S. L. and Hofman, G. L.},
  journal=jnm,
  volume={278},
  number={2},
  pages={358--363},
  year={2000},
  publisher={Elsevier},
  doi = "10.1016/S0022-3115(99)00280-9"
}

@article{hofman1987irradiation,
  title={Irradiation Behavior of Low-Enriched {U$_6$Fe}-{Al} Dispersion Fuel
         Elements},
  author={Hofman, G. L. and Domagala, R. F. and Copeland, G. L.},
  journal=jnm,
  volume={150},
  number={2},
  pages={238--243},
  year={1987},
  publisher={Elsevier},
    doi = "10.1016/0022-3115(87)90079-1"
}



@article{donze1959stabilisation,
  title={Stabilisation de la Phase $\gammaup$ Dans Les Alliages Ternaires a Base d'Uranium-Molybdene},
  author={Donz{\'e}, G and Cabane, G},
  journal=jnm,
  volume={1},
  number={4},
  pages={364--373},
  year={1959},
  doi = "10.1016/0022-3115(59)90034-0",
  publisher={Elsevier}
}

  title={Formation de phases de transition dans l'alliage {U}-7, 5\% {Nb}-2, 5\% {Zr}},
@article{giraud1973formation,
  author={Giraud-Heraud, F and Guillaumin, J},
  title = "Transition Phase Formation in {U-7,5\% Nb-2,5\%Zr} Alloy",
  journal=actametal,
  volume={21},
  number={9},
  pages={1243--1252},
  year={1973},
  publisher={Elsevier},
    doi = "10.1016/0001-6160(73)90165-X"
}

@article{lopes2013mechanical,
  title={Mechanical and Thermal Behaviour of {U--Mo} and {U}--{Nb}--{Zr} Alloys},
  author={Lopes, Denise Adorno and Restivo, Thomaz Augusto Guisard and Padilha, Angelo Fernando},
  journal=jnm,
  volume={440},
  number={1},
  pages={304--309},
  year={2013},
  publisher={Elsevier},
    doi = "10.1016/j.jnucmat.2013.05.014"
}

@techreport{saller1956study,
  title={A Study of Aluminum-Uranium Alloys},
  author={Saller, Henry A and Dickerson, Ronald F and Rough, Frank A and Foster, Ellis L and Bauer, Arthur A and Lulay, John R},
  year={1956},
  number="BMI-1066",
  doi="https://doi.org/10.2172/4337159",
  institution={Battelle Memorial Institute, Columbus, Ohio (USA)}
}

@techreport{bostrom1957,
title = {The Metastable Gamma Phase in Uranium Base Molybdenum Alloys},
author = {Bostrom, W A and Halteman, E K},
number="WAPD-T-415",
doi = {10.2172/4347373},
url = {https://www.osti.gov/biblio/4347373},
year = {1956},
month = {10},
institution={Westinghouse Electric Corporation, Bettis Plant, Pittsburgh (USA)}
}

@article{prabhakaran2017u,
  title={U-Mo Monolithic Fuel for Nuclear Research and Test Reactors},
  author={Prabhakaran, Ramprashad},
  journal={JOM},
  volume={69},
  number={12},
  pages={2529--2531},
  year={2017},
  doi = "https://doi.org/10.1007/s11837-017-2612-3",
  publisher={Springer}
}


@article{williams2017post,
  title={Post-Irradiation Non-Destructive Analyses of the AFIP-7 Experiment},
  author={Williams, WJ and Robinson, AB and Rabin, BH},
  journal={JOM},
  volume={69},
  number={12},
  pages={2546--2553},
  year={2017},
  doi = "https://doi.org/10.1007/s11837-017-2552-y",
  publisher={Springer}
}

@article{okamoto2012mo,
  title={{Mo-U} (molybdenum-uranium)},
  author={Okamoto, H},
  journal=jped,
  volume={33},
  number={6},
  pages={497--497},
  doi = {https://doi.org/10.1007/s11669-012-0095-z},
  year={2012},
  publisher={Springer}
}

@article{okamoto2012al,
  title={{Mo-U} (molybdenum-uranium)},
  author={Okamoto, H},
  journal=jped,
  volume={33},
  number={6},
  pages={489--490},
  doi = {https://doi.org/10.1007/s11669-012-0089-x},
  year={2012},
  publisher={Springer}
}


@techreport{horak1973operating,
  title={Operating Experience with Uranium--Molybdenum Fuel in Pulsed Reactors},
  author={Horak, J. A. and Reuscher, J. A. and Sasmor, D. J.},
  year={1973},
  number="SLA-73-5559; CONF-730801-5",
  institution={Sandia Laboratories, Albuquerque, New Mexico(USA)}
}


@techreport{cottrell1964development,
  title={Development and Performance of Dounreay Fast Reactor Metal Fuel},
  author={Cottrell, S. A. and Edmonds, E. and Higginson, P. and Oldfield, W.},
  year={1964},
  number = "A/CONF.28/P/150",
  institution={United Kingdom Atomic Energy Authority. Industrial Group. Dounreay}
}


@book{no2003iaea,
  title={Development Status of Metallic, Dispersion and Non-Oxide Advanced and Alternative Fuels for Power and Research Reactors},
  author={{IAEA}},
  series={TECDOC Series},
  number={1374},
  year={2003},
  isbn={92-0-110303-4},
  url={https://www.iaea.org/publications/6815/development-status-of-metallic-dispersion-and-non-oxide-advanced-and-alternative-fuels-for-power-and-research-reactors},
  publisher={International Atomic Energy Agency},
  address={Vienna}
}

%@article{no20031374,
  title={Development status of metallic, dispersion and non-oxide advanced and alternative fuels for power and research reactors},
  author={International Atomic Energy Agency},
  journal={Nuclear Fuel Cycle and Material Section},
  year={2003}
}

@article{leenaers2004post,
  title={Post-Irradiation Examination of Uranium--7wt\% Molybdenum Atomized
         Dispersion Fuel},
  author={Leenaers, Ann and Van den Berghe, S. and Koonen, E. and Jarousse, C.
          and Huet, F. and Trotabas, M. and Boyard, M. and Guillot, S. and
          Sannen, L. and Verwerft, M.},
  journal=jnm,
  volume={335},
  number={1},
  pages={39--47},
  year={2004},
  publisher={Elsevier}
}

@article{jue2014microstructural,
  title={Microstructural characteristics of HIP-bonded monolithic nuclear fuels with a diffusion barrier},
  author={Jue, Jan-Fong and Keiser, Dennis D. and Breckenridge, Cynthia R. and
          Moore, Glenn A. and Meyer, Mitchell K.},
  journal=jnm,
  volume={448},
  number={1},
  pages={250--258},
  year={2014},
  publisher={Elsevier}
}

@article{van2008transmission,
  title={Transmission Electron Microscopy Investigation of Irradiated
         {U}--{7wt\%} {Mo} Dispersion Fuel},
  author={Van den Berghe, Sven and Van Renterghem, Wouter and Leenaers, Ann},
  journal=jnm,
  volume={375},
  number={3},
  pages={340--346},
  year={2008},
  publisher={Elsevier}
}

@article{olander2009growth,
  title={Growth of the interaction layer around fuel particles in dispersion fuel},
  author={Olander, D.},
  journal=jnm,
  volume={383},
  number={3},
  pages={201--208},
  year={2009},
  publisher={Elsevier}
}

%@misc{osti_10163384,
title = {Uranium swelling in {N-Reactor} ({PT-NR-4}, {Sup. A}, {Report No. 1})},
author = {Guay, A E},
howpublished = "{United States. \url{https://www.osti.gov/biblio/10163384}}",
doi = {10.2172/10163384},
url = {https://www.osti.gov/biblio/10163384}, 
year = {1965},
place = {United States},
month = {9}
}

@techreport{guay1965,
  title={Uranium Swelling in {N-Reactor} {(PT-NR-4, Sup. A, Report No. 1)}},
  author={Guay, AE},
  year={1965},
  number = "RL-NRD-550",
  doi = "https://doi.org/10.2172/10163384",
  institution={General Electric, Hanford Atomic Products, Richland, Washington (USA)}
}


@article{miller2012advantages,
  title ="Advantages and Disadvantages of Using a Focused Ion Beam to Prepare
          {TEM} Samples from Irradiated {U}--10{Mo} Monolithic Nuclear Fuel",
  author = "Miller, Brandon D. and Gan, Jian and Madden, James and
            Jue, Jan-Fong and Robinson, A. and Keiser, D. D.",
  journal = jnm,
  volume = 424,
  number = 1,
  pages = "38--42",
  doi = "10.1016/j.jnucmat.2012.01.022",
  year = 2012,
}

@article{gan2010transmission,
  title={Transmission Electron Microscopy Characterization of Irradiated
         {U}--7{Mo}/{Al}--2{Si} Dispersion Fuel},
  author={Gan, Jian and Keiser, D. D. and Wachs, Dan M. and Robinson, Adam B.
          and Miller, Brandon D. and Allen, Todd R.},
  journal=jnm,
  volume={396},
  number={2},
  pages={234--239},
  doi = "10.1016/j.jnucmat.2009.11.015",
  year={2010},
  publisher={Elsevier}
}

@techreport{travelli1980current,
  title={Current Status of the {RERTR} Program},
  author={Travelli, Armando},
  year={1980},
  number="CONF-801144-9/DE83017214",
  institution={Argonne National Laboratory, Illinois (USA)}
}

@article{snelgrove1997development,
  title={Development of Very-High-Density Low-Enriched-Uranium Fuels},
  author={Snelgrove, James L. and Hofman, G. L. and Meyer, M. K. and
          Trybus, C. L. and Wiencek, T. C.},
  journal=nuced,
  volume={178},
  number={1},
  pages={119--126},
  year={1997},
  publisher={Elsevier},
    doi = "10.1016/S0029-5493(97)00217-3"
}

@inproceedings{wilson2017us,
  title={US high performance research reactor conversion program: an overview on element design},
  author={Wilson, EH and Bergeron, A and Stillman, JA and Heltemes, TA and Jaluvka, D and Jamison, L},
  booktitle={Proceedings of the 2017 European Research Reactor Conference},
  year={2017},
  organization={RRFM Rotterdam, Netherlands}
}


@inproceedings{vandenberghe2010,
author = {van den Berghe, Sven and Leenaers, Ann and Koonen, Edgar and Sannen, Leo},
title = {From High to Low Enriched Uranium Fuel in Research Reactors},
year = {2011},
month = {1},
volume = {73},
pages = {78--90},
booktitle = {Advances in Science and Technology},
publisher = {Trans Tech Publications Ltd},
doi = {10.4028/www.scientific.net/AST.73.78}
}

@techreport{saller1954transformation,
  title={{Transformation Kinetics of Uranium-Molybdenum Alloys}},
  author={Saller, Henry Andrew and Rough, FA and Bauer, AA},
  year={1954},
  number = "BMI-957",
  doi = "https://doi.org/10.2172/4376847",
  institution={Battelle Memorial Instite, Columbus, Ohio (USA)}
}

@article{montgomery2009,
author = {Alexander H. Montgomery and Scott D. Sagan},
title ={The Perils of Predicting Proliferation},
journal = jconflictres,
volume = {53},
number = {2},
pages = {302-328},
year = {2009},
doi = {10.1177/0022002708330581},
URL = {https://doi.org/10.1177/0022002708330581} 
}

@techreport{wimett1965fast,
  title={Fast Burst Reactors in the USA},
  author={Wimett, Thomas F},
  year={1965},
  number = "LA-DC-6786; SM-62/53; CONF-650",
  doi = "https://doi.org/10.2172/4594044",
  institution={Los Alamos Scientific Laboratory, Los Alamos, New Mexico (USA)}
}

@techreport{mihalczo1969static,
  title={Static and Dynamic Measurements with the Army Pulse Radiation Facility Reactor.},
  author={Mihalczo, JT},
  year={1969},
  number = "ORNL-TM-2330",
  doi = "https://doi.org/10.2172/4762262",
  institution={Oak Ridge National Laboratory, Tennessee (USA)}
}

@techreport{bonzon1973sandia,
  title={Sandia Pulsed Reactor II (SPR II): Experimenter's Manual},
  author={Bonzon, LL and Snyder, JA},
  year={1973},
  number = "SLA-73-551",
  doi = "https://doi.org/10.2172/4419659",
  institution={Sandia Laboratories, Albuquerque, New Mexico(USA)}
}

@techreport{matthews1964performance,
  title={Performance and operation of the Dounreay fast reactor},
  author={Matthews, RR and Phillips, JL and Henry, KJ and Allardice, RH and Donaldson, DM and Tilbe, HE},
  year={1964},
  number = "A/CONF.28/P/130",
  institution={United Kingdom Atomic Energy Authority, Caithness, Scotland (United Kingdom)}
}

@article{becquart2007ab,
  title={Ab Initio Calculations About Intrinsic Point Defects and {He} in {W}},
  author={Becquart, C S and Domain, C},
  journal=nimprb,
  volume={255},
  number={1},
  pages={23--26},
  year={2007},
  publisher={Elsevier}
}

@article{Becquart2006,
    author  = "Becquart, Charlotte S. and Domain, Cristophe",
    title   = "Migration Energy of {He} in {W} Revisited by {\emph{ab Initio}}
               Calculations",
    journal = prl,
    volume  = 97,
    number  = 19,
    pages   = 196402,
    doi     = "10.1103/PhysRevLett.97.196402",
    year    = 2006
}

@article{seletskaia2005magnetic,
  title={Magnetic Interactions Influence the Properties of Helium Defects in
    Iron},
  author={Seletskaia, Tatiana and Osetsky, Yuri and Stoller, Roger E and
    Stocks, George Malcolm},
  journal=prl,
  volume={94},
  number={4},
  pages={046403},
  year={2005},
  publisher={APS}
}



@article{giannozzi2009quantum,
    author  = "Paolo Giannozzi and Stefano Baroni and Nicola Bonini and
               Matteo Calandra and Roberto Car and Carlo Cavazzoni and
               Davide Ceresoli and Guido L. Chiarotti and Matteo Cococcioni and
               Ismaila Dabo and Dal Corso, Andrea and de Gironcoli, Stefano and
               Stefano Fabris and Guido Fratesi and Ralph Gebauer and
               Uwe Gerstmann and Christos Gougoussis and Anton Kokalj and
               Michele Lazzeri and Layla Martin-Samos and Nicola Marzari and
               Francesco Mauri and Riccardo Mazzarello and Stefano Paolini and
               Alfredo Pasquarello and Lorenzo Paulatto and Carlo Sbraccia and
               Sandro Scandolo and Gabriele Sclauzero and Ari P. Seitsonen and
               Alexander Smogunov and Paolo Umari and Renata M. Wentzcovitch",
    title   = "{QUANTUM ESPRESSO}: {A} Modular and Open-Source Software
               Project for Quantum Simulations of Materials",
    journal = jpcm,
    volume  = 21,
    number  = 39,
    pages   = 395502,
    doi     = "10.1088/0953-8984/21/39/395502",
    month   = sep, 
    year    = 2009,
    note    = "{\url{http://www.quantum-espresso.org/}}"
}

@article{Perdew1996b,
    author  = "John P. Perdew and Kieron Burke and Matthias Ernzerhof",
    title   = "Generalized Gradient Approximation Made Simple",
    journal = prl,
    volume  = 77,
    number  = 18,
    pages   = "3865--3868",
    month   = oct,
    year    = 1996
}

@article{Perdew1997,
    author  = "John P. Perdew and Kieron Burke and Matthias Ernzerhof",
    title   = "Generalized Gradient Approximation Made Simple (Errata)",
    journal = prl,
    volume  = 78,
    number  = 7,
    pages   = 1396,
    year    = 1997
}

@article{pack1977special,
  title={``Special Points for {B}rillouin-Zone Integrations''---A Reply},
  author={Pack, James D. and Monkhorst, Hendrik J.},
  journal=prb,
  volume={16},
  number={4},
  pages={1748--1749},
  year = {1977},
}

@article{blochl1994projector,
  title={Projector augmented-wave method},
  author={Bl{\"o}chl, Peter E.}, 
  journal=prb,
  volume={50},
  number={24},
  pages={17953},
  year={1994},
  publisher={APS}
}



@article{bell2009plasma,
  title={Plasma Response to Lithium-Coated Plasma-Facing Components in the
    {N}ational {S}pherical {T}orus {E}xperiment},
  author = {M G Bell and H W Kugel and R Kaita and L E Zakharov and H Schneider
    and B P {LeBlanc} and D Mansfield and R E Bell and R Maingi and S Ding and
    S M Kaye and S F Paul and S P Gerhardt and J M Canik and J C Hosea and
    G Taylor and {the NSTX Research Team}},
  journal=ppcf,
  volume={51},
  number={12},
  pages={124054},
  year={2009},
  publisher={IOP Publishing}
}


@article{mirnov2003li,
  title={{Li-CPS} Limiter in Tokamak {T-11M}},
  author={Mirnov, S V and Lazarev, V B and Sotnikov, S M and {T-11M Team} and
    Evtikhin, V A and Lyublinski, I E and Vertkov, A V},
  journal=fused,
  volume={65},
  number={3},
  pages={455--465},
  year={2003},
  publisher={Elsevier}
}



@article{tuccillo2009overview,
  title={Overview of the {FTU} results},
  author={A.A. Tuccillo and A. Alekseyev and B. Angelini and S.V. Annibaldi and M.L. Apicella and G. Apruzzese and J. Berrino and E. Barbato and A. Bertocchi and A. Biancalani and W. Bin and A. Botrugno and G. Bracco and S. Briguglio and A. Bruschi and P. Buratti and G. Calabr{\`{o}} and A. Cardinali and C. Castaldo and C. Centioli and R. Cesario and L. Chen and S. Cirant and V. Cocilovo and F. Crisanti and R. De Angelis and U. de Angelis and L. Di Matteo and C. Di Troia and B. Esposito and G. Fogaccia and D. Frigione and L. Gabellieri and F. Gandini and E. Giovannozzi and G. Granucci and F. Gravanti and G. Grossetti and G. Grosso and F. Iannone and H. Kroegler and V. Lazarev and E. Lazzaro and I.E. Lyublinski and G. Maddaluno and M. Marinucci and D. Marocco and J.R. Martin-Solis and G. Mazzitelli and C. Mazzotta and V. Mellera and F. Mirizzi and S. Mirnov and G. Monari and A. Moro and V. Muzzini and S. Nowak and F.P. Orsitto and L. Panaccione and D. Pacella and M. Panella and F. Pegoraro and V. Pericoli-Ridolfini and S. Podda and S. Ratynskaia and G. Ravera and A. Romano and A. Rufoloni and A. Simonetto and P. Smeulders and C. Sozzi and E. Sternini and B. Tilia and O. Tudisco and A. Vertkov and V. Vitale and G. Vlad and R. Zag{\'{o}}rski and M. Zerbini and F. Zonca},
  journal=nf,
  volume={49},
  number={10},
  pages={104013},
  year={2009},
  publisher={{IOP} Publishing}
}

@article{xu2011study,
  title={Study on H-mode access at low density with lower hybrid current drive and lithium-wall coatings on the EAST superconducting tokamak},
  author={Xu, GS and Wan, BN and Li, JG and Gong, XZ and Hu, JS and Shan, JF and Li, H and Mansfield, DK and Humphreys, DA and Naulin, Volker and {East team and international collaborators}},
  journal=nf,
  volume={51},
  number={7},
  pages={072001},
  year={2011},
  publisher={IOP Publishing}
}

@article{munaretto2012rfx,
  title={RFX-mod wall conditioning by lithium pellet injection},
  author= {S. Munaretto and S. Dal Bello and P. Innocente and M. Agostini and F. Auriemma and S. Barison and A. Canton and L. Carraro and G. De Masi and S. Fiameni and P. Scarin and D. Terranova},
  journal=nf,
  volume={52},
  number={2},
  pages={023012},
  year={2012},
  publisher={IOP Publishing}
}

@article{erents1971trapping,
  title={Trapping of keV deuterons in lithium},
  author={Erents, SK and McCracken, GM and Goldsmith, P},
  journal=jphysd,
  volume={4},
  number={5},
  pages={672},
  year={1971},
  publisher={IOP Publishing}
}

@article{hartley1978potential,
  title={Potential lithium requirements for fusion power plants},
  author={Hartley, JN and Gore, BF and Young, JR},
  journal={Lithium Needs and Resources},
  pages={337--346},
  year={1978},
  publisher={Elsevier}
}

@article{allain2012lithium,
  title={Lithium-based surfaces controlling fusion plasma behavior at the plasma-material interface},
  author={Allain, Jean Paul and Taylor, Chase N},
  journal=physplasma,
  volume={19},
  number={5},
  pages={056126},
  year={2012},
  publisher={American Institute of Physics}
}

@article{dal2014pseudopotentials,
  title={Pseudopotentials periodic table: From {H} to {Pu}},
  author={Dal Corso, Andrea},
  journal=compmats,
  volume={95},
  pages={337--350},
  year={2014},
  publisher={Elsevier}
}


@article{henkelman2000climbing,
  title={A Climbing Image Nudged Elastic Band Method for Finding Saddle Points
    and Minimum Energy Paths},
  author={Henkelman, Graeme and Uberuaga, Blas P and J{\'o}nsson, Hannes},
  journal=jcp,
  volume={113},
  number={22},
  pages={9901--9904},
  year={2000},
  publisher={American Institute of Physics}
}


@article{henkelman2000improved,
  title={Improved Tangent Estimate in the Nudged Elastic Band Method for
    Finding Minimum Energy Paths and Saddle Points},
  author={Henkelman, Graeme and J{\'o}nsson, Hannes},
  journal=jcp,
  volume={113},
  number={22},
  pages={9978--9985},
  year={2000},
  publisher={American Institute of Physics}
}



@article{frank1996first,
  title={First-principles calculations of absolute concentrations and self-diffusion constants of vacancies in lithium},
  author={Frank, W and Breier, U and Els{\"a}sser, C and F{\"a}hnle, M},
  journal=prl,
  volume={77},
  number={3},
  pages={518},
  year={1996},
  publisher={APS}
}

@article{ma2019effect,
  title={Effect of stress on vacancy formation and migration in body-centered-cubic metals},
  author={Ma, {Pui-Wai} and Dudarev, SL},
  journal=prmat,
  volume={3},
  number={6},
  pages={063601},
  year={2019},
  publisher={APS}
}

@incollection{LandoltBornstein1991,
author="Ehrnhar, P. and Jung, P. and Schultz, H. and Ullmaier, H",
title={{Landolt--B\"ornstein}---Group {III} Condensed Matter},
editor="Ullmaier, H.",
booktitle = "Atomic Defects in Metals",
Volume = {25},
year = {1991},
publisher="Springer-Verlag Berlin Heidelberg",
doi="10.1007/10011948_25",
}

%url="https://materials.springer.com/lb/docs/sm_lbs_978-3-540-48128-7_25"

@article{benedek1992formation,
  title={Formation energy and lattice relaxation for point defects in Li and Al},
  author={Benedek, R and Yang, LH and Woodward, C and Min, BI},
  journal=prb,
  volume={45},
  number={6},
  pages={2607},
  year={1992},
  publisher={APS}
}

@article{Pawellek_1991,
	doi = {10.1088/0953-8984/3/14/024},
	url = {https://doi.org/10.1088/0953-8984/3/14/024},
	year = 1991,
	month = {apr},
	publisher = {{IOP} Publishing},
	volume = {3},
	number = {14},
	pages = {2451--2455},
	author = {R Pawellek and M Fahnle and C Elsasser and K -M Ho and C -T Chan},
	title = {First-principles calculation of the relaxation around a vacancy and the vacancy formation energy in {BCC} Li},
	journal = jpcm,
}

@article{frank1993properties,
  title={Properties of monovacancies and self-interstitials in bcc Li: An ab initi pseudopotential study},
  author={Frank, W and Breier, U and Els{\"a}sser, C and F{\"a}hnle, M},
  journal=prb,
  volume={48},
  number={10},
  pages={7676},
  year={1993},
  publisher={APS}
}

@article{ma2019,
  title = {Universality of point defect structure in body-centered cubic metals},
  author = {Ma, {Pui-Wai} and Dudarev, S. L.},
  journal = prmat,
  volume = {3},
  issue = {1},
  pages = {013605},
  numpages = {16},
  year = {2019},
  month = {Jan},
  publisher = {American Physical Society},
  doi = {10.1103/PhysRevMaterials.3.013605},
  url = {https://link.aps.org/doi/10.1103/PhysRevMaterials.3.013605}
}

@article{fu2005,
  title = {Ab initio study of helium in $\ensuremath{\alpha}\text{\ensuremath{-}}\mathrm{Fe}$: Dissolution, migration, and clustering with vacancies},
  author = {Fu, {Chu--Chun} and Willaime, F.},
  journal = prb,
  volume = {72},
  issue = {6},
  pages = {064117},
  numpages = {6},
  year = {2005},
  month = {Aug},
  publisher = {American Physical Society},
  doi = {10.1103/PhysRevB.72.064117},
  url = {https://link.aps.org/doi/10.1103/PhysRevB.72.064117}
}


@article{gonze2016,
title = {Recent developments in the ABINIT software package},
author = {X. Gonze and F. Jollet and F. {Abreu Araujo} and D. Adams and B. Amadon and T. Applencourt and C. Audouze and J.-M. Beuken and J. Bieder and A. Bokhanchuk and E. Bousquet and F. Bruneval and D. Caliste and M. Côté and F. Dahm and F. {Da Pieve} and M. Delaveau and M. {Di Gennaro} and B. Dorado and C. Espejo and G. Geneste and L. Genovese and A. Gerossier and M. Giantomassi and Y. Gillet and D.R. Hamann and L. He and G. Jomard and J. {Laflamme Janssen} and S. {Le Roux} and A. Levitt and A. Lherbier and F. Liu and I. Lukačević and A. Martin and C. Martins and M.J.T. Oliveira and S. Poncé and Y. Pouillon and T. Rangel and G.-M. Rignanese and A.H. Romero and B. Rousseau and O. Rubel and A.A. Shukri and M. Stankovski and M. Torrent and M.J. {Van Setten} and B. {Van Troeye} and M.J. Verstraete and D. Waroquiers and J. Wiktor and B. Xu and A. Zhou and J.W. Zwanziger},
journal = comphyscomm,
volume = {205},
pages = {106-131},
year = {2016},
issn = {0010-4655},
doi = {https://doi.org/10.1016/j.cpc.2016.04.003},
url = {https://www.sciencedirect.com/science/article/pii/S0010465516300923}
}

@article{gonze2020,
title = {The Abinitproject: Impact, environment and recent developments},
author = {Xavier Gonze and Bernard Amadon and Gabriel Antonius and Frédéric Arnardi and Lucas Baguet and Jean-Michel Beuken and Jordan Bieder and François Bottin and Johann Bouchet and Eric Bousquet and Nils Brouwer and Fabien Bruneval and Guillaume Brunin and Théo Cavignac and Jean-Baptiste Charraud and Wei Chen and Michel Côté and Stefaan Cottenier and Jules Denier and Grégory Geneste and Philippe Ghosez and Matteo Giantomassi and Yannick Gillet and Olivier Gingras and Donald R. Hamann and Geoffroy Hautier and Xu He and Nicole Helbig and Natalie Holzwarth and Yongchao Jia and François Jollet and William Lafargue-Dit-Hauret and Kurt Lejaeghere and Miguel A.L. Marques and Alexandre Martin and Cyril Martins and Henrique P.C. Miranda and Francesco Naccarato and Kristin Persson and Guido Petretto and Valentin Planes and Yann Pouillon and Sergei Prokhorenko and Fabio Ricci and Gian-Marco Rignanese and Aldo H. Romero and Michael Marcus Schmitt and Marc Torrent and Michiel J. {van Setten} and Benoit {Van Troeye} and Matthieu J. Verstraete and Gilles Zérah and Josef W. Zwanziger},
journal = comphyscomm,
volume = {248},
pages = {107042},
year = {2020},
issn = {0010-4655},
doi = {https://doi.org/10.1016/j.cpc.2019.107042},
url = {https://www.sciencedirect.com/science/article/pii/S0010465519303741}
}


@inproceedings{hartree,
  title={The wave mechanics of an atom with a non-Coulomb central field. Part I. Theory and methods},
  author={Hartree, Douglas R},
  booktitle=proccamps,
  volume={24},
  pages={89},
  year={1928},
  publisher={Cambridge University Press}
}

@article{herring1940new,
  title={A new method for calculating wave functions in crystals},
  author={Herring, Conyers},
  journal=pr,
  volume={57},
  number={12},
  pages={1169},
  year={1940},
  publisher={APS}
}


@article{fock,
  title={N{\"a}herungsmethode zur L{\"o}sung des quantenmechanischen Mehrk{\"o}rperproblems},
  author={Fock, Vladimir},
  journal=zph,
  volume={61},
  number={1-2},
  pages={126--148},
  year={1930},
  publisher={Springer}
}
  %journal={Zeitschrift f{\"u}r Physik},

@incollection{thomas1991condensed,
  title="Condensed-Phase Xenon and Krypton in {UO$_2$} Spent Fuel",
  author={Thomas, L. E.},
  booktitle={Fundamental Aspects of Inert Gases in Solids},
  pages={431--441},
  year={1991},
  publisher={Springer},
  address={New York}
}

@article{fermi1927metodo,
  title={Un metodo statistico per la determinazione di alcune priorieta dell’atome},
  author={Fermi, Enrico},
  journal={Rend. Accad. Naz. Lincei},
  volume={6},
  pages={602-607},
  number={32},
  year={1927}
}


@article{hohenberg1964inhomogeneous,
  title={Inhomogeneous electron gas},
  author={Hohenberg, Pierre and Kohn, Walter},
  journal=pr,
  volume={136},
  number={3B},
  pages={B864},
  year={1964},
  publisher={APS}
}


@article{phillips1959new,
  title={New method for calculating wave functions in crystals and molecules},
  author={Phillips, James C and Kleinman, Leonard},
  journal=pr,
  volume={116},
  number={2},
  pages={287},
  year={1959},
  publisher={APS}
}

@article{hamann1979norm,
  title={Norm-conserving pseudopotentials},
  author={Hamann, D. R. and Schl{\"u}ter, M. and Chiang, C.},
  journal=prl,
  volume={43},
  number={20},
  pages={1494},
  year={1979},
  publisher={APS}
}

@article{troullier1991efficient,
  title={Efficient pseudopotentials for plane-wave calculations},
  author={Troullier, Norman and Martins, Jos{\'e} Lu{\'\i}s},
  journal=prb,
  volume={43},
  number={3},
  pages={1993},
  year={1991},
  publisher={APS}
}

@article{vanderbilt1990soft,
  title={Soft self-consistent pseudopotentials in a generalized eigenvalue formalism},
  author={Vanderbilt, David},
  journal=prb,
  volume={41},
  number={11},
  pages={7892},
  year={1990},
  publisher={APS}
}


@article{kresse1999ultrasoft,
  title={From ultrasoft pseudopotentials to the projector augmented-wave method},
  author={Kresse, Georg and Joubert, D.},
  journal=prb,
  volume=59,
  number=3,
  pages=1758,
  year=1999,
  publisher={APS}
}



@book{was2016,
  title={Fundamentals of Radiation Material Science: Metals and Alloys},
  author={Was, Gary S},
  year={2016},
  pages={172--174},
  publisher={Springer}
}



@inproceedings{thomas1927calculation,
  title={The calculation of atomic fields},
  author={Thomas, Llewellyn H.},
  booktitle=proccamps,
  volume={23},
  pages={542--548},
  year={1927},
  organization={Cambridge University Press}
}

  %booktitle={Mathematical Proceedings of the Cambridge Philosophical Society},

@article{beeler2013first,
  title={First Principles Calculations of the Structure and Elastic Constants of {\textalpha}, {\textbeta} and {\textgamma} uranium},
  author={Beeler, Benjamin and Deo, Chaitanya and Baskes, Michael and Okuniewski, Maria},
  journal=jnm,
  volume={433},
  number={1-3},
  pages={143--151},
  year={2013},
  publisher={Elsevier}
}

@article{soderlind2002first,
  title={First-Principles Elastic and Structural Properties of Uranium Metal},
  author={S{\"o}derlind, Per},
  journal=prb,
  volume={66},
  number={8},
  pages={085113},
  year={2002},
  publisher={APS}
}


@article{barrett1963crystal,
  title={Crystal structure variations in alpha uranium at low temperatures},
  author={Barrett, C S and Mueller, M H and Hitterman, R L},
  journal=pr,
  volume={129},
  number={2},
  pages={625},
  year={1963},
  publisher={APS}
}


@article{fisher1958adiabatic,
  title={Adiabatic Elastic Moduli of Single Crystal Alpha Uranium},
  author={Fisher, E S and {McS}kimin, H J},
  journal=jap,
  volume={29},
  number={10},
  pages={1473--1484},
  year={1958},
  publisher={AIP}
}


@article{le2003structural,
  title={Structural Behavior of {\textalpha}-Uranium with Pressures to {100~GPa}},
  author={Le Bihan, T and Heathman, S and Idiri, M and Lander, G H and Wills, J M and Lawson, A C and Lindbaum, Andreas},
  journal=prb,
  volume={67},
  number={13},
  pages={134102},
  year={2003},
  publisher={APS}
}


@article{lander1994solid,
  title={The Solid-State Properties of Uranium: {A} Historical Perspective and
        Review},
  author={Lander, G H and Fisher, E S and Bader, S D},
  journal=advph,
  volume={43},
  number={1},
  pages={1--111},
  year={1994},
  publisher={Taylor \& Francis}
}

@article{crocombette2001plane,
  title="Plane-Wave Pseudopotential Study of Point Defects in Uranium Dioxide",
  author="Crocombette, J. P. and Jollet, F. and Thien Nga, L. and Petit, T.",
  journal=prb,
  volume=64,
  number=10,
  pages=104107,
  year=2001,
}
  publisher={APS}


@article{taylor2008evaluation,
  title={Evaluation of First-Principles Techniques for Obtaining Materials Parameters of {\textalpha}-Uranium and the {\hkl(001)} \textalpha-Uranium Surface},
  author={Taylor, Christopher D},
  journal=prb,
  volume={77},
  number={9},
  pages={094119},
  year={2008},
  publisher={APS}
}

@article{hood2008quantum,
  title={Quantum Molecular Dynamics Simulations of Uranium at High Pressure and Temperature},
  author={Hood, Randolph Q and Yang, L H and Moriarty, John A},
  journal=prb,
  volume={78},
  number={2},
  pages={024116},
  year={2008},
  publisher={APS}
}


@article{murnaghan1944compressibility,
  title={The Compressibility of Media Under Extreme Pressures},
  author={Murnaghan, F D},
  journal=pnas,
  volume={30},
  number={9},
  pages={244--247},
  year={1944},
}
  publisher={National Acad Sciences}

@article{yoo1998phase,
  title={Phase Diagram of Uranium at High Pressures and Temperatures},
  author={Yoo, Choong-Shik and Cynn, Hyunchae and S{\"o}derlind, Per},
  journal=prb,
  volume={57},
  number={17},
  pages={10359},
  year={1998},
  publisher={APS}
}


@article{wilson1949structures,
  title={The Structures of Uranium Metal},
  author={Wilson, A S and Rundle, R E},
  journal=actacryst,
  volume={2},
  number={2},
  pages={126--127},
  year={1949},
  publisher={Wiley Online Library}
}


article{li2012structure,
  title={Structure, Formation Energies and Elastic Constants of Uranium Metal Investigated by First Principles Calculations},
  author={Li, J H and Ren, Q B and Lu, C H and Lu, L and Dai, Y and Liu, B X},
  journal=jalloyscomp,
  volume={516},
  pages={139--143},
  year={2012},
  publisher={Elsevier}
}


@article{bain1924nature,
  title={The Nature of Martensite},
  author={Bain, Edgar C and Dunkirk, N Y},
  journal=transAIME,
  volume={70},
  number={1},
  pages={25--47},
  year={1924}
}


@article{w1963phase,
  title={Phase Transformations in Uranium at High Pressures},
  author={Klement, Jr., W. and Jayaraman, A and Kennedy, G C},
  journal=pr,
  volume={129},
  number={5},
  pages={1971},
  year={1963},
  publisher={APS}
}


@article{kim2016superconductivity,
  title={Superconductivity in {U-T} alloys ({T${}={}$Mo, Pt, Pd, Nb, Zr})
         Stabilized in the Cubic {\textgamma}-{U} Structure by Splat-Cooling
         Technique},
  author={Kim-Ngan, N.-T. H and Havela, L.},
  journal=jsciadvmatdev,
  volume={1},
  number={2},
  pages={121--127},
  year={2016},
  publisher={Elsevier}
}


@techreport{yakel1973review,
  title={Review of {X}-ray Diffraction Studies in Uranium Alloys},
  author={Yakel, Harry L},
  number = "CONF-740205-9",
  year={1973},
  institution={Oak Ridge National Laboratory},
}


@book{nashchemistry,
  title={The Chemistry of the Actinide and Transactinide Elements},
  author={Grenthe, I and Drozdzynski, J and Fujino, T and Buck, E C and Albrecht-Schmitt, T E and Wolf, S F},
  volume = {1},
  year = {2006},
  pages={253--698},
  publisher = {Springer},
  address = {Dordrecht}
}

not a proceedings; this is a journal?!
FIXME; need to add "math" to front of proccamps
@article{born1940stability,
  title={On the Stability of Crystal Lattices. {I.}},
  author={Born, Max},
  journal = proccamps,
  volume={36},
  number={2},
  pages={160--172},
  year={1940},
}
  booktitle={Mathematical Proceedings of the Cambridge Philosophical Society},
  organization={Cambridge University Press}


@book{born1954dynamical,
  title={Dynamical Theory of Crystal Lattices},
  author={Born, Max and Huang, Kun},
  year={1954},
  publisher={Clarendon Press}
}


@techreport{tucker1950approximate,
  title={An Approximate Crystal Structure for the Beta Phase of Uranium},
  author={Tucker, Jr., C W},
  number = "KAPL-388",
  year={1950},
  institution={Knolls Atomic Power Laboratory}
}


@article{tucker1951crystal,
  title={The Crystal structure of the {\textbeta}\ Phase of Uranium},
  author={Tucker, C W},
  journal=actacryst,
  volume={4},
  number={5},
  pages={425--431},
  year={1951},
  publisher={Wiley Online Library}
}


@article{donohue1971structure,
  title={The Structure of {\textbeta}-Uranium},
  author={Donohue, Jerry and Einspahr, Howard},
  journal=actacrystb,
  volume={27},
  number={9},
  pages={1740--1743},
  year={1971},
}
  publisher={Wiley Online Library}


@book{donohue1974structures,
  title={Structures of the Elements},
  author={Donohue, Jerry},
  year={1974},
  pages={134--148},
  publisher={John Wiley and Sons},
  address={New York}
}


@article{lawson1988structure,
  title={Structure of {\textbeta}-Uranium},
  author={Lawson, A C and Olsen, C E and Richardson, J W and Mueller, M H and Lander, G H},
  journal=actacrystb,
  volume={44},
  number={2},
  pages={89--96},
  year={1988},
}
  publisher={Wiley Online Library}


@article{xiang2008quantum,
  title={Quantum Mechanical Calculations of Uranium Phases and Niobium Defects
        in {\textgamma}-Uranium},
  author={Xiang, Shikai and Huang, Hanchen and Hsiung, LM},
  journal=jnm,
  volume={375},
  number={1},
  pages={113--119},
  year={2008},
}
  publisher={Elsevier}



@article{holzwarth2001projector,
  title={A Projector Augmented Wave ({PAW}) Code for Electronic Structure
         Calculations, {P}art~{I}: {atompaw} for Generating Atom-Centered
         Functions},
  author={Holzwarth, N A W and Tackett, A R and Matthews, G E},
  journal=comphyscomm,
  volume={135},
  number={3},
  pages={329--347},
  year={2001},
  publisher={Elsevier}
}


@article{tackett2001projector,
  title={A Projector Augmented Wave ({PAW}) Code for Electronic Structure Calculations, {P}art~{II}: {pwpaw} for Periodic Solids in a Plane Wave Basis},
  author={Tackett, A R and Holzwarth, N A W and Matthews, G E},
  journal=comphyscomm,
  volume={135},
  number={3},
  pages={348--376},
  year={2001},
  publisher={Elsevier}
}


@article{rappe1990optimized,
  title={Optimized Pseudopotentials},
  author={Rappe, Andrew M and Rabe, Karin M and Kaxiras, Efthimios and
          Joannopoulos, J D},
  journal=prb,
  volume={41},
  number={2},
  pages={1227},
  year={1990},
}
  publisher={APS}


@article{monkhorst1976special,
  title={Special Points for {B}rillouin-Zone Integrations},
  author={Monkhorst, Hendrik J and Pack, James D},
  journal=prb,
  volume={13},
  number={12},
  pages={5188--5192},
  year={1976},
  publisher={APS}
}



@article{methfessel1989high,
  title={High-Precision Sampling for {B}rillouin-Zone Integration in Metals},
  author={Methfessel, M. and Paxton, A. T.},
  journal=prb,
  volume={40},
  number={6},
  pages={3616--3621},
  year={1989},
}
  publisher={APS}


@article{ravindran1998density,
  title="Density Functional Theory for Calculation of Elastic Properties of Orthorhombic Crystals: {A}pplication to {TiSi$_2$}",
  author={Ravindran, P and Fast, Lars and Korzhavyi, P A\_ and Johansson, B and Wills, J and Eriksson, O},
  journal=jap,
  volume={84},
  number={9},
  pages={4891--4904},
  year={1998},
  doi = "10.1063/1.368733"
}
  publisher={AIP}

@article{beckstein2001first,
  title="First-Principles Elastic Constants and Electronic Structure of {\textalpha}-{Pt$_2$}{Si} and {PtSi}",
  author={Beckstein, O and Klepeis, J E and Hart, G L W and Pankratov, O},
  journal=prb,
  volume={63},
  number={13},
  pages={134112},
  year={2001},
  publisher={APS}
}


@article{lander2003gh,
  title={Sensing Electrons on the Edge},
  author={Lander, G H},
  journal={Science},
  volume={301},
  pages={1057--1059},
  year={2003},
  publisher={American Association for the Advancement of Science}
}


FIXME are you sure this is 1984? Vol. 2 comes up as 1985.... Also, just cite
the volume you need, not the whole collection. (Imagine if I said, "as this
individual stated in the Oxford English Dictionary" without specifying which
volume, etc.)
@book{freemanHandbook1984,
  title={Handbook on the Physics and Chemistry of the Actinides},
  author={Freeman, Arthur J and Lander, G H},
  publisher={North-Holland},
  address = "Amsterdam",
  year={1984},
  volume = {1,2}
}


@article{wills1992crystal,
  title={Crystal-Structure Stabilities and Electronic Structure for the Light Actinides {Th}, {Pa}, and {U}},
  author={Wills, J M and Eriksson, Olle},
  journal=prb,
  volume={45},
  number={24},
  pages={13879},
  year={1992},
}
  publisher={APS}


@article{eriksson1993first,
  title={First Principles Studies of Crystal Structures of {$f$} Elements},
  author={Eriksson, Olle and S{\"o}derlind, Per and Wills, J M and Boring, A M},
  journal=physicab,
  volume={190},
  number={1},
  pages={5--11},
  doi   = "10.1016/0921-4526(93)90436-A",
  year={1993},
}
  publisher={North-Holland}


@article{jones2000theoretical,
  title={Theoretical Atomic Volumes of the Light Actinides},
  author={Jones, M D and Boettger, J C and Albers, R C and Singh, D J},
  journal=prb,
  volume={61},
  number={7},
  pages={4644},
  year={2000},
}
  publisher={APS}


@article{lawson2000melting,
  title={Melting of the Light Actinides},
  author={Lawson, A C and Martinez, B and Roberts, J A and Bennett, B I and Richardson, Jr., J W},
  journal = philmag # "~B",
  volume={80},
  number={1},
  pages={53--59},
  year={2000},
}
  publisher={Taylor \& Francis}


@article{li2012structure,
  title={Structure, Formation Energies and Elastic Constants of Uranium Metal Investigated by First Principles Calculations},
  author={Li, J H and Ren, Q B and Lu, C H and Lu, L and Dai, Y and Liu, B X},
  journal=jalloyscomp,
  volume={516},
  pages={139--143},
  year={2012},
}
  publisher={Elsevier}


@article{bouchet2008lattice,
  title={Lattice Dynamics of {\textalpha} Uranium},
  author={Bouchet, J},
  journal=prb,
  volume={77},
  number={2},
  pages={024113},
  year={2008},
}


@article{iche2008examining,
  title={Examining the performance of {DFT} methods in uranium chemistry: Does core size matter for a pseudopotential?},
  author={Ich{\'e}-Tarrat, Nathalie and Marsden, Colin J},
  journal=jpc # "~A",
  volume={112},
  number={33},
  pages={7632--7642},
  year={2008},
  publisher={ACS Publications}
}



@article{kittel1993history,
  title={History of fast reactor fuel development},
  author={Kittel, J H and Frost, B R T and Mustelier, J P and Bagley, K Q and Crittenden, G C and Van Dievoet, J},
  journal= jnm,
  volume={204},
  pages={1--13},
  year={1993},
  publisher={Elsevier}
}

  publisher={APS}

@article{Perdew1992a,
    author  = "J. P. Perdew and J. A. Chevary and S. H. Vosko and
               K. A. Jackson and M. R. Pederson and D. J. Singh and
               C. Fiolhais",
    title   = "Atoms, Molecules, Solids, and Surfaces: {A}pplications of the
               Generalized Gradient Approximation for Exchange and
               Correlation",
    journal = prb,
    volume  = 46,
    number  = 11,
    pages   = "6671--6687",
    month   = sep,
    year    = 1992
}
@article{Perdew1993,
    author  = "J. P. Perdew and J. A. Chevary and S. H. Vosko and
               K. A. Jackson and M. R. Pederson and D. J. Singh and
               C. Fiolhais",
    title   = "Erratum: {A}toms, Molecules, Solids, and Surfaces:
               {A}pplications of the Generalized Gradient Approximation for
               Exchange and Correlation",
    journal = prb,
    volume  = 48,
    number  = 7,
    pages   = "4978",
    year    = 1993
}



@article{Bloechl1994,
    author  = "Bl{\"o}chl, P. E.",
    title   = "Projector Augmented-Wave Method",
    journal = prb,
    volume  = 50,
    number  = 24,
    pages   = "17953--17979",
    month   = dec,
    year    = 1994
}

@misc{StructureofCrystals,
    author  = "{Naval Research Laboratories}",
    title   = "Structure of {C}rystals",
    howpublished = "{\url{http://aflowlib.duke.edu/users/egossett/lattice/}}",
    year    = 2015
}

@article{Mouhat2014,
    author  = "Mouhat, F{\'e}lix and Coudert, Fran{\c c}ois-Xavier",
    title   = "Necessary and Sufficient Elastic Stability Conditions in Various
               Crystal Systems",
    journal = prb,
    volume  = 90,
    pages   = 224104,
    year    = 2014
}

@article{Soderlind1998,
    author  = "S{\"o}derlind, Per",
    title   = "Theory of the Crystal Structures of Cerium and the Light
               Actinides",
    journal = advph,
    volume  = 47,
    number  = 6,
    pages   = "959--998",
    year    = 1998
}



@article{Kresse1994a,
    author  = "Kresse, G. and Hafner, J.",
    title   = "Ab Initio Molecular-Dynamics Simulation of the
               Liquid-Metal-Amorphous-Semiconductor Transition in Germanium",
    journal = prb,
    volume  = 49,
    number  = 20,
    pages   = "14251--14269",
    month   = may,
    year    = 1994
}
@article{Kresse1996a,
    author  = "Kresse, G. and Furthm{\"u}ller, J.",
    title   = "Efficiency of Ab-Initio Total Energy Calculations for Metals
               and Semiconductors Using a Plane-Wave Basis Set",
    journal = compmats,
    volume  = 6,
    number  = 1,
    pages   = "15--50",
    month   = jul,
    year    = 1996
}
@article{Kresse1996b,
    author  = "Kresse, G. and Furthm{\"u}ller, J.",
    title   = "Efficient Iterative Schemes for Ab Initio Total-Energy
               Calculations Using a Plane-Wave Basis Set",
    journal = prb,
    volume  = 54,
    number  = 16,
    pages   = "11169--11186",
    month   = oct,
    year    = 1996
}

@article{kresse1993ab,
  title={Ab Initio Molecular Dynamics for Liquid Metals},
  author={Kresse, Georg and Hafner, J{\"u}rgen},
  journal=prb,
  volume={47},
  number={1},
  pages={558--561},
  year={1993},
  publisher={APS}
}



@article{Perdew1992b,
    author  = "Perdew, John P. and Wang, Yue",
    title   = "Accurate and Simple Analytic Representation of the Electron-Gas
               Correlation Energy",
    journal = prb,
    volume  = 45,
    number  = 23,
    pages   = "13244--13249",
    month   = jun,
    year    = 1992
}


@article{soderlind1994electronic,
  title={Electronic Properties of {f}-Electron Metals Using the Generalized Gradient Approximation},
  author={S{\"o}derlind, Per and Eriksson, O and Johansson, B and Wills, J M},
  journal=prb,
  volume={50},
  number={11},
  pages={7291},
  year={1994},
  publisher={APS}
}


@article{soderlind2014electron,
  title={Electron Correlation and Relativity of the {5f} Electrons in the
    {U}--{Zr} Alloy System},
  author={S{\"o}derlind, P and Sadigh, B and Lordi, V and Landa, A and
    Turchi, P E A},
  journal=jnm,
  volume={444},
  number={1-3},
  pages={356--358},
  year={2014},
  publisher={Elsevier}
}

@article{soderlind1995,
    author  = "S{\"o}derlind, Per and Eriksson, Olle and Johansson, B{\"o}rje
        and Wills, J. M. and Boring, A. M.",
    title   = "A Unified Picture of the Crystal Structures of Metals",
    journal = "Nature",
    volume  = 374,
    pages   = "524--525",
    doi     = "10.1038/374524a0",
    year    = 1995
}

@book{wallace1998thermodynamics,
  title={Thermodynamics of Crystals},
  author={Wallace, Duane C.},
  year={1998},
  publisher={Courier Corporation}
}

@article{iasir2020pseudopotential,
  title={Pseudopotential for Plane-Wave Density Functional Theory Studies of
    Metallic Uranium},
  author={Iasir, A Rafi M and Hammond, Karl D},
  journal=compmats,
  volume={171},
  pages={109221},
  year={2020},
  publisher={Elsevier}
}



@article{akella1997structural,
  title={Structural Stability in Uranium},
  author={Akella, J and Weir, S and Wills, J M and S{\"o}derlind, P},
  journal=jpcm,
  volume={9},
  number={39},
  pages={L549--L555},
  year={1997},
  publisher={IOP Publishing}
}



@article{matter1980investigation,
  title={Investigation of Vacancy Formation and Phase Transformations in
    Uranium by Positron Annihilation},
  author={Matter, H and Winter, J and Triftsh{\"a}user, W},
  journal=jnm,
  volume={88},
  number={2-3},
  pages={273--278},
  year={1980},
  publisher={Elsevier}
}

@article{lund2013vacancy,
  title={Vacancy Formation Enthalpy in Polycrystalline Depleted Uranium},
  author={Lund, K R and Lynn, K G and Weber, M H and Okuniewski, M A},
  journal=jpconference,
  volume={443},
  pages={012021},
  year={2013}
}


@article{shin2010first,
  title={First-Principles Study of Solute--Vacancy Binding in Magnesium},
  author={Shin, Dongwon and Wolverton, Christopher},
  journal=actamat,
  volume={58},
  number={2},
  pages={531--540},
  year={2010},
  publisher={Elsevier}
}

@article{saal2012solute,
  title={Solute--Vacancy Binding of the Rare Earths in Magnesium from First
    Principles},
  author={Saal, James E and Wolverton, C},
  journal=actamat,
  volume={60},
  number={13--14},
  pages={5151--5159},
  year={2012},
  publisher={Elsevier}
}


@book{peierls1955,
  title={Quantum Theory of Solids},
  author={Peierls, R E},
  publisher={Clarendon Press},
  address = "Oxford",
  year={1955},
}

@article{Eyring1935,
    author  = "Eyring, Henry",
    title   = "The Activated Complex in Chemical Reactions",
    journal = jcp,
    volume  = 3,
    number  = 2,
    pages   = "107--115",
    doi     = "10.1063/1.1749604",
    month   = feb,
    year    = 1935
}

@article{Evans1935,
    author  = "Evans, M. G. and Polanyi, M.",
    title   = "Some Applications of the Transition State Method to the
               Calculation of Reaction Velocities, Especially in Solution",
    journal = tfs,
    volume  = 31,
    pages   = "875--894",
    doi     = "10.1039/tf9353100875",
    year    =  1935,
}

@article{Heinola2010a,
    author  = "Heinola, K. and Ahlgren, T.",
    title   = "Diffusion of Hydrogen in {bcc} Tungsten Studied with First
               Principle Calculations",
    journal = jap,
    volume  = 107,
    number  = 11,
    pages   = 113531,
    doi     = "10.1063/1.3386515",
    year    = 2010
}


@article{raman1971clustering,
  title={Clustering and solute-vacancy binding energies in {Al}-4.4\% {Zn} alloy with 0.01\% ternary additions},
  author={Raman, KS and Das, ESD and Vasu, KI},
  journal={Journal of Materials Science},
  volume={6},
  number={11},
  pages={1367--1378},
  year={1971},
  publisher={Springer}
}

@article{melikhova2006vacancy,
  title={Vacancy--solute complexes in aluminum},
  author={Melikhova, O and Kuriplach, J and {\v{C}}{\'\i}{\v{z}}ek, J and Proch{\'a}zka, I},
  journal={Applied surface science},
  volume={252},
  number={9},
  pages={3285--3289},
  year={2006},
  doi = "https://doi.org/10.1016/j.apsusc.2005.08.052",
  publisher={Elsevier}
}




@article{simonovic2009impurity,
  title={Impurity diffusion activation energies in {Al} from first principles},
  author={Simonovic, Darko and Sluiter, Marcel HF},
  journal=prb,
  volume={79},
  number={5},
  pages={054304},
  year={2009},
  doi = "https://doi.org/10.1103/PhysRevB.79.054304",
  publisher={APS}
}

@article{hoshino1996local,
  title={Local-density-functional calculations for defect interactions in {Al}},
  author={Hoshino, Toshiharu and Zeller, R and Dederichs, PH},
  journal=prb,
  volume={53},
  number={14},
  pages={8971},
  year={1996},
  doi = "https://doi.org/10.1103/PhysRevB.53.8971",
  publisher={APS}
}

@article{burke1972measurement,
  title={The measurement of solute-vacancy interaction energies},
  author={Burke, J},
  journal = {Journal of the Less-Common Metals},
  volume = {28},
  pages = {441--456},
  doi = "https://doi.org/10.1016/0022-5088(72)90137-3",
  year={1972}
}

@article{ohnuma2009first,
  title={First-principles calculations of vacancy--solute element interactions in body-centered cubic iron},
  author={Ohnuma, Toshiharu and Soneda, Naoki and Iwasawa, Misako},
  journal=actamat,
  volume={57},
  number={20},
  pages={5947--5955},
  year={2009},
  doi = "https://doi.org/10.1016/j.actamat.2009.08.020",
  publisher={Elsevier}
}



@techreport{rest2006u,
  title={U--{Mo} Fuels Handbook. Version 1.0},
  author={Rest, Jeffrey and Kim, Yeon Soo and Hofman, Gerard L and Meyer, Mitchell K and Hayes, Steven L},
  year={2006},
  number = "ANL-09/31",
  doi = "https://doi.org/10.2172/1335129",
  institution={Argonne National Lab. (ANL), Argonne, IL (United States)}
}



@article{miller2015transmission,
  title={Transmission Electron Microscopy Characterization of the Fission Gas
         Bubble Superlattice in Irradiated {U}--7wt\% {Mo} Dispersion Fuels},
  author={Miller, B. D. and Gan, J. and Keiser, Jr, D. D. and Robinson, A. B.
          and Jue, J. F. and Madden, J. W. and Medvedev, P. G.},
  journal = jnm,
  volume = {458},
  pages = {115--121},
  doi = "10.1016/j.jnucmat.2014.12.012",
  year = {2015},
  publisher={Elsevier}
}



@article{gan2012tem,
  title={{TEM} Characterization of {U}--7{Mo}/{Al}--2{Si} Dispersion Fuel
         Irradiated to Intermediate and High Fission Densities},
  author={Gan, Jian and Keiser, D. D. and Miller, Brandon D. and
          Robinson, Adam B. and Jue, Jan-Fong and Medvedev, Pavel and
          Wachs, Dan M.},
  journal=jnm,
  volume={424},
  number={1},
  pages={43--50},
  year={2012},
  publisher={Elsevier}
}


@article{Schulz1981,
    author  = "Brigitte Schulz",
    title   = "Thermal Conductivity of Porous and Highly Porous",
    journal = hightemppress,
    volume  = 13,
    pages   = "649--660",
    year    = 1981
}

@article{Gan2015,
    author  = "Gan, J. and Keiser, Jr., D. D. and Miller, B. D. and
               Robinson, A. B. and Wachs, D. M. and Meyer, M. K.",
    title   = "Thermal Stability of Fission Gas Bubble Superlattice in
               Irradiated {U--10Mo} Fuel",
    journal = jnm,
    volume  = 464,
    pages   = "1--5",
    doi     = "10.1016/j.jnucmat.2015.04.023",
    month   = sep,
    year    = 2015
}

@article{burkes2015thermal,
  title = "Thermal Properties of {U}--{Mo} Alloys Irradiated to Moderate
           Burnup and Power",
  author = "Burkes, Douglas E. and Casella, Andrew M. and Casella, Amanda J.
            and Buck, Edgar C. and Pool, Karl N. and {MacF}arlan, Paul J. and
            Edwards, Matthew K. and Smith, Frances N.",
  journal = jnm,
  volume = 464,
  pages = {331--341},
  doi = "10.1016/j.jnucmat.2015.04.040",
  year = 2015,
}



@book{rabinovich1987thermophysical,
  title = "Thermophysical Properties of Neon, Argon, Krypton, and Xenon",
  author = "Rabinovich, Viktor Abramovich and Vasserman, A. A. and
            Nedostup, V. I. and Veksler, Lo S.",
  year={1987},
  publisher={Hemisphere Publishing Corporation},
  address = {New York, NY}
}

@book{maxwell1881treatise,
  title={A Treatise on Electricity and Magnetism},
  author={Maxwell, James Clerk},
  volume={1},
  year={1881},
  publisher={Clarendon Press},
  address={Oxford}
}

@article{hashin1962variational,
  title={A Variational Approach to the Theory of the Effective Magnetic
         Permeability of Multiphase Materials},
  author={Hashin, Zvi and Shtrikman, Shmuel},
  journal = jap,
  volume={33},
  number={10},
  pages={3125--3131},
  year={1962},
  publisher={AIP}
}

@article{burkes2010thermo,
  title={Thermo-physical properties of {DU}--10wt.\% {Mo} alloys},
  author={Burkes, Douglas E and Papesch, Cynthia A and Maddison, Andrew P and Hartmann, Thomas and Rice, Francine J},
  journal = jnm,
  volume={403},
  number={1},
  pages={160--166},
  doi = "10.1016/j.jnucmat.2010.06.018",
  year={2010},
  publisher={Elsevier}
}

@article{xiao2015atomistic,
  title={Atomistic Simulations of the Small Xenon Bubble Behavior in {U}--{Mo}
         Alloy},
  author={Xiao, Hongxing and Long, Chongsheng and Tian, Xiaofeng and Li, Shujian},
  journal = matsdes,
  volume={74},
  pages={55--60},
  doi = "10.1016/j.matdes.2015.02.005",
  year={2015},
  publisher={Elsevier}
}

@article{zheng2014thermodynamics,
  title={Thermodynamics, Compressibility, and Phase Diagram: {S}hock
         Compression of Supercritical Fluid Xenon},
  author={Zheng, J. and Chen, Q. F. and Gu, Y. J. and Chen, Z. Y. and
          Li, C. J.},
  journal = jcp,
  volume={141},
  number={12},
  pages={124},
  year={2014},
  publisher={AIP}
}


@article{gaston2009moose,
  title={{MOOSE}: A Parallel Computational Framework for Coupled Systems of
         Nonlinear Equations},
  author={Gaston, Derek and Newman, Chris and Hansen, Glen and
          Lebrun-Grandie, Damien},
  journal= nuced,
  volume={239},
  number={10},
  pages={1768--1778},
  year={2009},
  publisher={Elsevier}
}

@article{greenwood1959role,
  title={The Role of Vacancies and Dislocations in the Nucleation and Growth of
         Gas Bubbles in Irradiated Fissile Material},
  author={Greenwood, G. W. and Foreman, A. J. E. and Rimmer, D. E.},
  journal = jnm,
  volume={1},
  number={4},
  pages={305--324},
  year={1959},
  publisher={Elsevier}
}

@article{trinkaus1983energetics,
  title={Energetics and Formation Kinetics of Helium Bubbles in Metals},
  author={Trinkaus, H.},
  journal = radeff,
  volume={78},
  number={1--4},
  pages={189--211},
  year={1983},
  publisher={Taylor \& Francis}
}



@article{ross1980condensed,
  title={Condensed Xenon at High Pressure},
  author={Ross, M. and {McM}ahan, A. K.},
  journal=prb,
  volume={21},
  number={4},
  pages={1658--1664},
  doi = "10.1103/PhysRevB.21.1658",
  year={1980},
  publisher={APS}
}

@inproceedings{clark2003monolithic,
  title={Monolithic Fuel Plate Development at {A}rgonne {N}ational
         {L}aboratory},
  author={Clark, C. R. and Knighton, G. C. and Meyer, M. K. and Hofman, G. L.},
  booktitle={2003 International Meeting on Reduced Enrichment for Research and
             Test Reactors},
  address = "Chicago, Illinois",
  month = oct,
  volume={1},
  totalpages={10},
  url = "http://www.iaea.org/inis/collection/NCLCollectionStore/_Public/35/068/35068367.pdf",
  year=2003
}
  url = "https://www.rertr.anl.gov/RERTR25/HTML/Clark.html",

@article{smith2013thermal,
  title = {Thermal Conductivity of Porous Materials},
  author = {Smith, David S. and Alzina, Arnaud and Bourret, Julie and
            Nait-Ali, Beno{\^\i}t and Pennec, Fabienne and
            Tessier-Doyen, Nicolas and Otsu, Kodai and Matsubara, Hideaki and
            Elser, Pierre and Gonzenbach, Urs. T.},
  journal = jmatsres,
  volume={28},
  number={17},
  pages={2260--2272},
  year={2013},
  publisher={Cambridge University Press}
}



@article{ewh2010microstructural,
  title={Microstructural Characterization of {U-Nb-Zr}, {U-Mo-Nb}, and
         {U-Mo-Ti} Alloys via Electron Microscopy},
  author={Ewh, A. and Perez, E. and Keiser, D. D. and Sohn, Y. H.},
  journal = jped,
  volume={31},
  number={3},
  pages={216--222},
  year={2010},
  publisher={Springer}
}

@article{smirnova2013ternary,
  title={A Ternary {EAM} Interatomic Potential for {U}--{Mo} Alloys with
         Xenon},
  author={Smirnova, D. E. and Kuksin, A. Yu. and Starikov, S. V. and
          Stegailov, V. V. and Insepov, Z. and Rest, J. and Yacout, A. M.},
  journal = msmse,
  volume={21},
  number={3},
  pages={035011},
  year={2013},
  publisher={IOP Publishing}
}

@article{rest2009analysis,
  title={Analysis of Intergranular Fission-Gas Bubble-Size Distributions in
        Irradiated Uranium--Molybdenum Alloy Fuel},
  author={Rest, J. and Hofman, G. L. and Kim, Yeon Soo},
  journal=jnm,
  volume={385},
  number={3},
  pages={563--571},
  year={2009},
  publisher={Elsevier}
}

@article{landa2013density,
  title={Density-Functional Study of {bcc} {U}--{Mo}, {Np}--{Mo}, {Pu}--{Mo},
        and {Am}--{Mo} Alloys},
  author={Landa, A. and S{\"o}derlind, P. and Turchi, P. E. A.},
  journal=jnm,
  volume={434},
  number={1},
  pages={31--37},
  year={2013},
  publisher={Elsevier}
}

@article{rondinella2010high,
  title={The High Burn-Up Structure in Nuclear Fuel},
  author={Rondinella, Vincenzo V. and Wiss, Thierry},
  journal=mattoday,
  volume={13},
  number={12},
  pages={24--32},
  year={2010},
  publisher={Elsevier}
}


@article{stehle1988performance,
  title={Performance of Oxide Nuclear Fuel in Water-Cooled Power Reactors},
  author={Stehle, H.},
  journal=jnm,
  volume={153},
  pages={3--15},
  year={1988},
  publisher={Elsevier}
}


@article{noirot2008detailed,
  title={Detailed Characterisations of High Burn-Up Structures in Oxide Fuels},
  author={Noirot, J. and Desgranges, L. and Lamontagne, J.},
  journal=jnm,
  volume={372},
  number={2},
  pages={318--339},
  year={2008},
  publisher={Elsevier}
}


@article{kim2011fission,
  title={Fission Product Induced Swelling of {U}--{Mo} Alloy Fuel},
  author={Kim, Yeon Soo and Hofman, G. L.},
  journal=jnm,
  volume={419},
  number={1},
  pages={291--301},
  year={2011},
  publisher={Elsevier}
}

@article{macewan1967effect,
  title={Effect of Porosity on the Thermal Conductivity of {UO}$_2$},
  author={M{acE}wan, J. B. and Stoute, R. L. and Notley, M. J. F.},
  journal=jnm,
  volume={24},
  number={1},
  pages={109--112},
  year={1967},
  publisher={North-Holland}
}

@article{goldsmith1973measurements,
  title={Measurements of the Thermal Conductivity of Uranium Dioxide at
         670--1270 {K}},
  author={Goldsmith, L. A. and Douglas, J. A. M.},
  journal=jnm,
  volume={47},
  number={1},
  pages={31--42},
  year={1973},
  publisher={Elsevier}
}

@article{devries1989experimental,
  title={An Experimental Determination of the Thermal Conductivity of a {304L}
         Stainless Steel Powder Metallurgy Material},
  author={{DeV}ries, M. F.},
  journal=jheattran,
  volume={111},
  pages={281},
  year={1989}
}

@article{loeb1954thermal,
  title={Thermal Conductivity: {VIII}, {A} Theory of Thermal Conductivity of
         Porous Materials},
  author={Loeb, Arthur L.},
  journal=amerceramics,
  volume={37},
  number={2},
  pages={96--99},
  year={1954},
  publisher={Wiley Online Library}
}

@article{cunningham1981heat,
  title={Heat Conduction in Spheres Packed in an Infinite Regular Cubical
         Array},
  author={Cunningham, M. E. and Peddicord, K. L.},
  journal=ijheatmass,
  volume={24},
  number={7},
  pages={1081--1088},
  year={1981},
  publisher={Elsevier}
}

@article{tzou1991effect,
  title={The Effect of Internal Heat Transfer in Cavities on the Overall
         Thermal Conductivity},
  author={Tzou, Da Yu},
  journal=ijheatmass,
  volume={34},
  number={7},
  pages={1839--1846},
  year={1991},
  publisher={Elsevier}
}

@article{bauer1993general,
  title={A General Analytical Approach Toward the Thermal Conductivity of
         Porous Media},
  author={Bauer, T. H.},
  journal=ijheatmass,
  volume={36},
  number={17},
  pages={4181--4191},
  year={1993},
  publisher={Elsevier}
}

@article{bakker1995determination,
  title="Determination of a Porosity Correction Factor for the Thermal
         Conductivity of Irradiated {UO$_2$} Fuel by Means of the Finite
         Element method",
  author={Bakker, K. and Kwast, H. and Cordfunke, E. H. P.},
  journal=jnm,
  volume={226},
  number={1--2},
  pages={128--143},
  year={1995},
  publisher={Elsevier}
}

@article{bakker1997using,
  title={Using the Finite Element Method to Compute the Influence of Complex
         Porosity and Inclusion Structures on the Thermal and Electrical
         Conductivity},
  author={Bakker, K.},
  journal=ijheatmass,
  volume={40},
  number={15},
  pages={3503--3511},
  year={1997},
  publisher={Elsevier}
}

@article{yun2014simulation,
  title={Simulation of the Impact of 3-{D} Porosity Distribution in Metallic
         {U}--10{Zr} Fuels},
  author={Yun, Di and Yacout, Abdellatif M. and Stan, Marius and
          Bauer, Theodore H. and Wright, Arthur E.},
  journal=jnm,
  volume={448},
  number={1},
  pages={129--138},
  year={2014},
  publisher={Elsevier}
}

@article{teague2014using,
  title={Using Coupled Mesoscale Experiments and Simulations to Investigate
         High Burn-Up Oxide Fuel Thermal Conductivity},
  author={Teague, Melissa C. and Fromm, Bradley S. and Tonks, Michael R. and
          Field, David P.},
  journal=jom,
  volume={66},
  number={12},
  pages={2569--2577},
  year={2014},
  publisher={Springer}
}

@article{hu2015assessment,
  title={Assessment of Effective Thermal Conductivity in {U}--{Mo} Metallic
         Fuels with Distributed Gas Bubbles},
  author={Hu, Shenyang and Casella, Andrew M. and Lavender, Curt A. and
          Senor, David J. and Burkes, Douglas E.},
  journal=jnm,
  volume={462},
  pages={64--76},
  year={2015},
  publisher={Elsevier}
}

@article{mazey1986bubble,
  title={Bubble Lattice Formation in Titanium Injected with Krypton Ions},
  author={Mazey, D. J. and Evans, J. H.},
  journal=jnm,
  volume={138},
  number={1},
  pages={16--18},
  year={1986},
  publisher={Elsevier}
}

@article{johnson2006helium,
  title={Helium Gas-Bubble Superlattice Formation in Molybdenum},
  author={Johnson, P. B. and Lawson, Fenella},
  journal=nimprb,
  volume={243},
  number={2},
  pages={325--334},
  year={2006},
  publisher={Elsevier}
}

@article{johnson1991image,
  title={Image Processing Techniques in the Study of Ordered Bubble Arrays:
         Bubble Facetting in Vanadium},
  author={Johnson, P. B. and Stevens, K. J. and Thomson, R. W.},
  journal=nimprb,
  volume={62},
  number={2},
  pages={218--227},
  year={1991},
  publisher={Elsevier}
}

@article{evans1986solid,
  title={Solid Bubble Formation in Titanium Injected with Krypton Ions},
  author={Evans, J. H. and Mazey, D. J.},
  journal=jnm,
  volume={138},
  number={2-3},
  pages={176--184},
  year={1986},
  doi = "10.1016/0022-3115(86)90004-8",
  publisher={Elsevier}
}

@article{johnson1980gas,
  title="The Gas-Bubble Superlattice and the Development of Surface Structure
         in {He$^+$} and {H} Irradiated Metals at 300~{K}",
  author={Johnson, P. B. and Mazey, D. J.},
  journal=jnm,
  volume={93--94},
  pages={721--727},
  year={1980},
  doi = "10.1016/0022-3115(80)90198-1",
  publisher={Elsevier}
}

@article{johnson1980hydrogen,
  title="Hydrogen Gas-Bubble Structure in Proton-Irradiated Copper at 300~{K}",
  author={Johnson, P. B. and Mazey, D. J.},
  journal=jnm,
  volume={91},
  number={1},
  pages={41--46},
  year={1980},
  publisher={Elsevier}
}

@article{lawson1998temperature,
  title={A Temperature Threshold for Gas-Bubble Superlattice Formation in
         Molybdenum},
  author={Lawson, F. E. and Johnson, P. B.},
  journal=jnm,
  volume={252},
  number={1-2},
  pages={34--42},
  year={1998},
  publisher={Elsevier}
}

@article{johnson1988he,
  title={The {He} Gas Bubble Superlattice in {Cu}: {A}nalysis of Structural
         Variants in \{110\} Grains},
  author={Johnson, P. B. and Diprose, A. L. and Mazey, D. J.},
  journal=jnm,
  volume={158},
  pages={108--118},
  year={1988},
  publisher={Elsevier}
}


@article{evans1983void,
  title={Void and Bubble Lattice Formation in Molybdenum: {A} Mechanism Based
         on Two-Dimensional Self-Interstitial Diffusion},
  author={Evans, J. H.},
  journal=jnm,
  volume={119},
  number={2--3},
  pages={180--188},
  year={1983},
  publisher={Elsevier}
}

@article{johnson1995gas,
  title={Gas-Bubble Superlattice Formation in bcc Metals},
  author={Johnson, P. B. and Mazey, D. J.},
  journal=jnm,
  volume={218},
  number={3},
  pages={273--288},
  year={1995},
  publisher={Elsevier}
}

@article{ghoniem2001theory,
  title={Theory and Experiment of Nanostructure Self-Organization in Irradiated
         Materials},
  author={Ghoniem, N. M. and Walgraef, Daniel and Zinkle, S. J.},
  journal=jcamatd,
  volume={8},
  number={1},
  pages={1--38},
  year={2001},
  publisher={Springer}
}



@article{keiser2012effects,
  title={Effects of Irradiation on the Microstructure of {U}--7{Mo} Dispersion
         Fuel with {Al}--2{Si} Matrix},
  author={Keiser, Dennis D. and Jue, Jan-Fong and Robinson, Adam B. and
          Medvedev, Pavel and Gan, Jian and Miller, Brandon D. and
          Wachs, Daniel M. and Moore, Glenn A. and Clark, Curtis R. and
          Meyer, Mitchell K. and Finlay, M. Ross},
  journal=jnm,
  volume={425},
  number={1},
  pages={156--172},
  year={2012},
  publisher={Elsevier}
}

@inproceedings{hofman2004post,
  title={Post-Irradiation Analysis of Low Enriched {U}--{Mo}/{Al} Dispersions
    Fuel Miniplate Tests, {RERTR} 4 \& 5},
  author={Hofman, G. L. and Finlay, M. R. and Kim, Y. S.},
  booktitle={Proceedings of the 26th International Meeting on Reduced
    Enrichment for Research and Test Reactors (RERTR)},
  pages={7--12},
  year={2004},
  address={Vienna, Austria}
}



@incollection{trelis,
	author={{Trellis Pro}},
	title={Computational Simulation Software},
	howpublished={http://www.csimsoft.com/trelis.jsp},
	year={2012--2017},
    publisher = "csimsoft, LLC.",
	address={American Fork, Utah}
}


@inbook{ASM-Alloy-Mo,
    editor  = "Hiroaki Okamoto and Mark E. Schlesinger and Erik M. Mueller",
    title = "{Mo} (Molybdenum) Binary Alloy Phase Diagrams",
    booktitle = "Alloy Phase Diagrams",
    volume = 3,
    series = "ASM Handbook",
    publisher = "ASM International",
    pages = "489--498",
    year = 2016
}

@article{Berche2011,
    author  = "A. Berche and N. Dupin and C. Gu{\'e}nau and C. Rado and
               B. Sundman and J. C. Dumas",
    title   = "Calphad Thermodynamic Description of Some Binary Systems
               Involving {U}",
    journal = jnm,
    volume  = 411,
    year    = 2011,
    pages   = "131--143",
    doi     = "10.1016/j.jnucmat.2011.01.043",
}



@article{blades1956ratio,
  title={The Ratio of Xenon to Krypton in {U\textsuperscript{235}} Fission},
  author={Blades, AT and Fleming, WH and Thode, HG},
  journal=canjchem,
  volume={34},
  number={3},
  pages={233--237},
  year={1956},
  publisher={NRC Research Press}
}

@article{petruska1955absolute,
  title={The Absolute Fission Yields of Twenty-Eight Mass Chains in the Thermal Neutron Fission of {U\textsuperscript{235}}},
  author={Petruska, JA and Thode, HG and Tomlinson, RH},
  journal=canjphys,
  volume={33},
  number={11},
  pages={693--706},
  year={1955},
  publisher={NRC Research Press}
}


@article{kim2013recrystallization,
  title={Recrystallization and fission-gas-bubble swelling of {U}--{Mo} fuel},
  author={Kim, Yeon Soo and Hofman, GL and Cheon, JS},
  journal=jnm,
  volume={436},
  number={1},
  pages={14--22},
  year={2013},
  doi = "10.1016/j.jnucmat.2010.06.018",
  publisher={Elsevier}
}

@article{bauer1995pile,
  title={In-pile measurement of the thermal conductivity of irradiated metallic fuel},
  author={Bauer, Theodore H and Holland, John W},
  journal=nuctech,
  volume={110},
  number={3},
  pages={407--421},
  year={1995},
  publisher={Taylor \& Francis}
}

@article{peddicord1978porosity,
  title={Porosity correction to thermal conductivity based on analytical temperature solutions},
  author={Peddicord, K. L. and Cunningham, M. E. and Tripathi, A},
  journal=transans,
  volume={28},
  pages = "548",
  year={1978}
}


@article{gan2015thermal,
  title={Thermal stability of fission gas bubble superlattice in irradiated {U}--10{Mo} fuel},
  author={Gan, J and Keiser, DD and Miller, BD and Robinson, AB and Wachs, DM and Meyer, MK},
  journal=jnm,
  volume={464},
  pages={1--5},
  year={2015},
  publisher={Elsevier}
}

@article{ishimoto1994effects,
  title={Effects of soluble fission products on thermal conductivities of nuclear fuel pellets},
  author={Ishimoto, Shinji and Hirai, Mutsumi and Ito, Kenichi and Korei, Yoshiaki},
  journal=jnucscitech,
  volume={31},
  number={8},
  pages={796--802},
  year={1994},
  publisher={Taylor \& Francis}
}

@article{kang2007thermal,
  title={Thermal Conductivity of Simulated Fuels with Dissolved Fission Products},
  author={Kang, KH and Song, KC and Lee, SH and Kim, SW},
  journal=ijthphys,
  volume={28},
  number={6},
  pages={2188--2197},
  year={2007},
  publisher={Springer}
}


@article{wilke1950viscosity,
  title={A viscosity equation for gas mixtures},
  author={Wilke, CR},
  journal=jcp,
  volume={18},
  number={4},
  pages={517--519},
  year={1950},
  publisher={AIP}
}

@inproceedings{alkandry2013comparison,
  title={Comparison of models for mixture transport properties for numerical simulations of ablative heat-shields},
  author={Alkandry, Hicham and Boyd, Iain and Martin, Alexandre},
  booktitle={51st AIAA Aerospace Sciences Meeting including the New Horizons Forum and Aerospace Exposition},
  pages={303},
  year={2013}
}

@book{vincenti1965introduction,
  title={Introduction to Physical Gas Dynamics},
  author={Vincenti, Walter Guido and Kruger, Charles H},
  publisher = "John Wiley and Sons",
  address = "New York",
  year = 1965,
}





@article{iasir2018estimation,
  title={Estimation of effective thermal conductivity in U-10Mo fuels with distributed xenon gas bubbles},
  author={Iasir, A Rafi M and Peters, Nickie J and Hammond, Karl D},
  journal=jnm,
  volume={508},
  pages={159--167},
  year={2018},
  publisher={Elsevier}
}

@article{dwight1960uranium,
  title={The Uranium-Molybdenum Equilibrium Diagram Below {900~C}},
  author={Dwight, Austin E},
  journal=jnm,
  volume={2},
  number={1},
  pages={81--87},
  year={1960},
  publisher={Elsevier}
}

@article{tangri1961metastable,
  title={Metastable phases in the uranium molybdenum system and their origin},
  author={Tangri, K and Williams, GI},
  journal=jnm,
  volume={4},
  number={2},
  pages={226--233},
  year={1961},
  publisher={Elsevier}
}


@article{sinha2010phase,
  title={Phase Transformation of Metastable Cubic {$\gamma$}-Phase in U--Mo
    Alloys},
  author={Sinha, V P and Hegde, P V and Prasad, G J and Dey, G K and Kamath, H S},
  journal=jalloyscomp,
  volume={506},
  number={1},
  pages={253--262},
  year={2010},
  publisher={Elsevier}
}


@article{berche2011calphad,
  title={Calphad Thermodynamic Description of Some Binary Systems Involving {U}},
  author={Berche, A and Dupin, N and Gu{\'e}neau, C and Rado, C and Sundman, B and Dumas, J C},
  journal=jnm,
  volume={411},
  number={1-3},
  pages={131--143},
  year={2011},
  publisher={Elsevier}
}

@article{zhang2010thermodynamic,
  title={Thermodynamic Assessment of the {U--Mo--Al} System},
  author={Zhang, X and Cui, Y F and Xu, G L and Zhu, W J and Liu, H S and
    Yin, B Y and Jin, Z P},
  journal=jnm,
  volume={402},
  number={1},
  pages={15--24},
  year={2010},
  publisher={Elsevier}
}

@article{losada2019ground,
  title={On the Ground State of the {U-Mo} System},
  author={Losada, E L and Garc{\'e}s, J E},
  journal=jnm,
  volume={518},
  pages={380--385},
  year={2019},
  publisher={Elsevier}
}

@article{landa2011density,
  title={Density-Functional Study of {U--Mo} and {U--Zr} Alloys},
  author={Landa, A and S{\"o}derlind, P and Turchi, P E A},
  journal=jnm,
  volume={414},
  number={2},
  pages={132--137},
  year={2011},
  publisher={Elsevier}
}

@article{alonso2007role,
  title={The Role of Multisite Interactions in the Formation Energy of {bcc}
    {$\gamma$} ({U}, {Mo}) Disordered Phase},
  author={Alonso, P R and Rubiolo, G H},
  journal=msmse,
  volume={15},
  number={3},
  pages={263},
  year={2007},
  publisher={IOP Publishing}
}

@article{castellano2020thermodynamic,
  title={Thermodynamic Stabilization of {$\gamma$-U--Mo} Alloys: Effect of {Mo} Content and Temperature},
  author="Castellano, Alo{\"i}s and Bottin, Fran{\c c}ois and Dorado, Boris and Bouchet, Johann",
  journal=prb,
  volume={101},
  number={18},
  pages={184111},
  year={2020},
  publisher={APS}
}

@article{howlett1970study,
  title={A Study of the Shear Transformations from the gamma-Phase in Uranium-Molybdenum Alloys Containing 6.0--12.5 at\% Molybdenum},
  author={Howlett, B W},
  journal={Journal of Nuclear Materials},
  volume={35},
  number={3},
  pages={278--292},
  year={1970},
  publisher={Elsevier}
}

@article{yakel1969crystal,
  title={Crystal Structures of Transition Phases Formed in {U}/16.60 at\% {Nb}/5.64 at\% {Zr} alloys},
  author={Yakel, Harry L},
  journal=jnm,
  volume={33},
  number={3},
  pages={286--295},
  year={1969},
  publisher={Elsevier}
}

@article{sinha2010effect,
  title={Effect of Molybdenum Addition on Metastability of Cubic {$\gamma$}-Uranium},
  author={Sinha, V P and Hegde, P V and Prasad, G J and Dey, G K and Kamath, H S},
  journal=jalloyscomp,
  volume={491},
  number={1-2},
  pages={753--760},
  year={2010},
  publisher={Elsevier}
}

@article{yun2008atomic,
  title={Atomic Diffusion Mechanism of {Xe} in {UO$_2$}},
  author={Yun, Younsuk and Kim, Hanchul and Kim, Heemoon and Park, Kwangheon},
  journal=jnm,
  volume={378},
  number={1},
  pages={40--44},
  year={2008},
  publisher={Elsevier}
}


@article{carter1972xenon,
  title={Xenon-133 Diffusion and Trapping in Single-Crystal Uranium Dioxide},
  author={Carter, J C and Driscoll, E J and Elleman, T S},
  journal=physstatsola,
  volume={14},
  number={2},
  pages={673--680},
  year={1972},
  publisher={Wiley Online Library}
}


@article{matzke1966diffusion,
  title={Diffusion in Doped {UO$_2$}},
  author={Matzke, Hj},
  journal=nucapp,
  volume={2},
  number={2},
  pages={131--137},
  doi = "10.13182/NT66-A27493",
  year={1966},
  publisher={Taylor \& Francis}
}


@article{macewan1964xenon,
  title={Xenon Diffusion in {UO$_2$}: Some Complicating Factors},
  author={{MacE}wan, J R and Stevens, W H},
  journal=jnm,
  volume={11},
  number={1},
  pages={77--93},
  year={1964},
  publisher={Elsevier}
}


@article{une1987effects,
  title="Effects of Additives and the Oxygen Potential on the Fission Gas
    Diffusion in {UO$_2$} Fuel",
  author={Une, Katsumi and Tanabe, Isami and Oguma, Masaomi},
  journal=jnm,
  volume={150},
  number={1},
  pages={93--99},
  year={1987},
  publisher={Elsevier}
}

@article{catlow1978fission,
  title={Fission Gas Diffusion in Uranium Dioxide},
  author={Catlow, Charles Richard Arthur},
  journal = procrsla,
  volume={364},
  number={1719},
  pages={473--497},
  year={1978},
  publisher={The Royal Society London}
}

@article{jackson1986calculation,
  title="The Calculation of Defect Parameters in {UO$_2$}",
  author={Jackson, R A and Murray, A D and Harding, J H and Catlow, C R A},
  journal=philmag # "~A",
  volume={53},
  number={1},
  pages={27--50},
  year={1986},
  publisher={Taylor \& Francis}
}

@article{grimes1989calculations,
  title={Calculations of Solution Energies of Fission Products in Uranium
    Dioxide},
  author={Grimes, Robin W and Catlow, C Richard A and Stoneham, A Marshall},
  journal=amerceramics,
  volume={72},
  number={10},
  pages={1856--1860},
  year={1989},
  publisher={Wiley Online Library}
}

@article{ball1990diffusion,
  title="Diffusion of {Xe} in {UO$_2$}",
  author={Ball, Richard G J and Grimes, Robin W},
  journal=jft,
  volume={86},
  number={8},
  pages={1257--1261},
  year={1990}
}


@article{grimes1991stability,
  title={The Stability of Fission Products in Uranium Dioxide},
  author={Grimes, R W and Catlow, Charles Richard Arthur},
  journal = ptrsa,
  volume={335},
  number={1639},
  pages={609--634},
  year={1991},
  publisher={The Royal Society London}
}


@article{petit1999location,
  title={Location of krypton atoms in uranium dioxide},
  author={Petit, {Th\relax} and Jomard, G and Lemaignan, C and Bigot, B and
    Pasturel, A},
  journal=jnm,
  volume={275},
  number={1},
  pages={119--123},
  year={1999},
  publisher={Elsevier}
}

@article{crocombette2002ab,
  title={Ab Initio Energetics of Some Fission Products ({Kr}, {I}, {Cs}, {Sr}
    and {He}) in Uranium Dioxide},
  author={Crocombette, Jean-Paul},
  journal=jnm,
  volume={305},
  number={1},
  pages={29--36},
  year={2002},
  publisher={Elsevier}
}


@article{freyss2006ab,
  title="Ab Initio Modeling of the Behavior of Helium and Xenon in Actinide
    Dioxide Nuclear Fuels",
  author={Freyss, M and Vergnet, N and Petit, T},
  journal = jnm,
  volume={352},
  number={1--3},
  pages={144--150},
  year={2006},
  publisher={Elsevier}
}



@article{andersson2011u,
  title="{U} and {Xe} Transport in {UO$_2\pm x$}: Density Functional Theory
    Calculations",
  author={Andersson, D A and Uberuaga, B P and Nerikar, P V and Unal, C and
    Stanek, C R},
  journal = prb,
  volume={84},
  number={5},
  pages={054105},
  year={2011},
  publisher={APS}
}


@article{adda1959etude,
  title={Etude de l'Autodiffusion de l'Uranium en Phase {$\gamma$}},
  author={Adda, Y and Kirianenko, A},
  journal=jnm,
  volume={1},
  number={2},
  pages={120--126},
  year={1959},
  publisher={Elsevier}
}

@article{peterson1964diffusion,
  title={Diffusion in Gamma Uranium},
  author={Peterson, N L and Rothman, S J},
  journal = pr,
  volume={136},
  number={3A},
  pages={A842},
  year={1964},
  publisher={APS}
}

@techreport{rothman1959self,
  title={Self-Diffusion in gamma Uranium},
  author={Rothman, S J and Lloyd, L T and Weil, R and Harkness, A L},
  year={1959},
  number = "ANL-5971",
  doi = "10.2172/4220599",
  institution={Argonne National Lab., Lemont, Ill.}
}

@article{rothman1961diffusion,
  title={The Diffusion of Gold in gamma Uranium},
  author={Rothman, S J},
  journal=jnm,
  volume={3},
  number={1},
  pages={77--80},
  year={1961},
  publisher={Elsevier}
}

@article{adda1962etude,
  title={Etude de l'Autodiffusion de l'Uranium en Phase {$\alpha$}},
  author={Adda, Y and Kirianenko, A},
  journal=jnm,
  volume={6},
  number={1},
  pages={130--134},
  year={1962},
  publisher={Elsevier}
}


@article{resnick1962self,
  title={The Self-Diffusion of alpha-Uranium},
  author={Resnick, R and Seigle, L L},
  journal=jnm,
  volume={5},
  number={1},
  pages={5--11},
  year={1962},
  publisher={Elsevier}
}

@article{rothman1961self,
  title={Self-Diffusion in beta Uranium},
  author={Rothman, S J and Gray, Jr, J and Hughes, J P and Harkness, A L},
  journal=jnm,
  volume={3},
  number={1},
  pages={72--76},
  year={1961},
  publisher={Elsevier}
}


@article{liu2012atomic,
  title="Atomic Mobilities, Diffusivities and Their Kinetic Implications for
    {U--X} ({X${}={}$Ti}, {Nb} and {Mo}) {bcc} Alloys",
  author={Liu, Yajun and Yu, Di and Du, Yong and Sheng, Guang and Long, Zhaohui and Wang, Jiang and Zhang, Lijun},
  journal={Calphad},
  volume={37},
  pages={49--56},
  year={2012},
  publisher={Elsevier}
}

@article{smirnova2015atomistic,
  title="Atomistic Modeling of the Self-Diffusion in {$\gamma$-U} and
    {$\gamma$-U-Mo}",
  author={Smirnova, D E and Kuksin, A {Yu\relax} and Starikov, S V and
    Stegailov, V V},
  journal=physmetmet,
  volume={116},
  number={5},
  pages={445--455},
  year={2015},
  publisher={Springer}
}

@article{adams1989self,
  title={Self-Diffusion and Impurity Diffusion of Fee Metals Using the
    Five-Frequency Model and the Embedded Atom Method},
  author={Adams, J B and Foiles, S M and Wolfer, W G},
  journal=jmatsres,
  volume={4},
  number={1},
  pages={102--112},
  year={1989},
  publisher={Cambridge University Press}
}

@article{blochl1993first,
  title={First-Principles Calculations of Self-Diffusion Constants in Silicon},
  author={Bl{\"o}chl, Peter E and Smargiassi, Enrico and Car, Roberto and
    Laks, D B and Andreoni, W and Pantelides, S T},
  journal=prl,
  volume={70},
  number={16},
  pages={2435},
  year={1993},
  publisher={APS}
}

@article{blochl1990first,
  title={First-Principles Calculations of Diffusion Coefficients: Hydrogen in
    Silicon},
  author={Bl{\"o}chl, Peter E and Van de Walle, C G and Pantelides, S T},
  journal=prl,
  volume={64},
  number={12},
  pages={1401},
  year={1990},
  publisher={APS}
}



@article{janotti2004solute,
  title={Solute Diffusion in Metals: Larger Atoms Can Move Faster},
  author="Janotti, A and Kr{\v{c}}mar, M and Fu, C L and Reed, R C",
  journal=prl,
  volume={92},
  number={8},
  pages={085901},
  year={2004},
  publisher={APS}
}


@article{krvcmar2005diffusion,
  title={Diffusion Rates of 3d Transition Metal Solutes in Nickel by
    First-Principles Calculations},
  author="Kr{\v{c}}mar, M and Fu, Chong Long and Janotti, Anderson and Reed, R C",
  journal=actamat,
  volume={53},
  number={8},
  pages={2369--2376},
  year={2005},
  publisher={Elsevier}
}

@article{milman1993free,
  title={Free Energy and Entropy of Diffusion by ab Initio Molecular Dynamics:
    Alkali Ions in Silicon},
  author={Milman, V and Payne, M C and Heine, V and Needs, R J and Lin, J S and
    Lee, M H},
  journal=prl,
  volume={70},
  number={19},
  pages={2928},
  year={1993},
  publisher={APS}
}


@article{sandberg2002self,
  title={Self-Diffusion Rates in {Al} from Combined First-Principles and
    Model-Potential Calculations},
  author={Sandberg, Nils and Magyari-K{\"o}pe, Blanka and Mattsson, Thomas R},
  journal=prl,
  volume={89},
  number={6},
  pages={065901},
  year={2002},
  publisher={APS}
}


@article{lidiard1955,
author = { A. B. Lidiard },
title = {{CXXXIII}. {I}mpurity Diffusion in Crystals (Mainly Ionic Crystals with
    the Sodium Chloride Structure)},
journal = philmag # "\ Series~7",
volume = {46},
number = {382},
pages = {1218--1237},
year  = {1955},
publisher = {Taylor & Francis},
doi = {10.1080/14786441108520633},
}


@article{leclaire1956,
author = { A. D. Leclaire  and  A. B. Lidiard },
title = "{LIII}. {C}orrelation Effects in Diffusion in Crystals",
journal = philmag # "~A",
volume = {1},
number = {6},
pages = {518--527},
year  = {1956},
publisher = {Taylor \& Francis},
doi = {10.1080/14786435608238133},
}


@article{leclaire1970,
author = { Le Claire, A. D. },
title = {Solvent Self-Diffusion in Dilute {b.c.c.} Solid Solutions},
journal = philmag # "~A",
volume = {21},
number = {172},
pages = {819--832},
year  = {1970},
publisher = {Taylor \& Francis},
doi = {10.1080/14786437008238468},
}


@article{lidiard1960,
author = { A. B. Lidiard },
title = {The Influence of Solutes on Self-Diffusion in Metals},
journal = philmag # "~A",
volume = {5},
number = {59},
pages = {1171-1180},
year  = {1960},
publisher = {Taylor \& Francis},
doi = {10.1080/14786436008238325},
}

@book{mehrer2007diffusion,
  title={Diffusion in Solids: Fundamentals, Methods, Materials,
    Diffusion-Controlled Processes},
  author={Mehrer, Helmut},
  volume={155},
  year={2007},
  pages={116--122},
  publisher={Springer Science \& Business Media}
}


@article{soderlind1998theory,
  title={Theory of the Crystal Structures of Cerium and the Light Actinides},
  author={Soderlind, Per},
  journal=advph,
  volume={47},
  number={6},
  pages={959--998},
  year={1998},
  publisher={Taylor \& Francis}
}


@article{ye1987phonon,
  title={Phonon-Phonon Coupling and the Stability of the High-Temperature {bcc}
    Phase of {Zr}},
  author={Ye, Y.-Y. and Chen, Y. and Ho, K.-M. and Harmon, B. N. and
    Lindg{\aa}rd, P.-A.},
  journal=prl,
  volume={58},
  number={17},
  pages={1769--1772},
  year={1987},
  publisher={APS}
}


@article{sanchez1975model,
  title={Model for Anomalous Self-Diffusion in Group-{IV B} Transition Metals},
  author={Sanchez, J M and De Fontaine, D},
  journal=prl,
  volume={35},
  number={4},
  pages={227--230},
  year={1975},
  publisher={APS}
}

@article{vineyard1954theory,
  title={The Theory of Defect Concentration in Crystals},
  author={Vineyard, G H and Dienes, G J},
  journal=pr,
  volume={93},
  number={2},
  pages={265--268},
  year={1954},
  publisher={APS}
}

@article{vineyard1957frequency,
  title={Frequency Factors and Isotope Effects in Solid State Rate Processes},
  author={Vineyard, George H},
  journal=jpcs,
  volume={3},
  number={1-2},
  pages={121--127},
  year={1957},
  publisher={Elsevier}
}

% FIXME - I THINK the one I put in there is correct, but incomplete
article{balluffi1973diffusion,
  title={Diffusion Metals Park},
  author={Balluffi, R W and Ho, P S},
  journal={Am. Soc. Metals, OH},
  pages={83},
  year={1973}
}
Does this actually exist? It's not even in Robert Balluffi's list of publications,
https://academictree.org/physics/publications.php?pid=166909
@inbook{balluffi1973diffusion,
    author = "Balluffi, R. W. and Ho, P. S.",
    title  = "Diffusion",
    publisher = "American Society for Metals",
    address = "Metals Park, Ohio",
    pages = 83,
    year = 1973
}


@article{wolverton2007solute,
  title={Solute--Vacancy Binding in Aluminum},
  author={Wolverton, C},
  journal=actamat,
  volume={55},
  number={17},
  pages={5867--5872},
  year={2007},
  publisher={Elsevier}
}


@article{beeler2010first,
  title="First Principles Calculations for Defects in {U}",
  author={Beeler, B and Good, B and Rashkeev, S and Deo, C and Baskes, M and
    Okuniewski, M},
  journal = jpcm,
  volume={22},
  number={50},
  pages={505703},
  year={2010},
  publisher={IOP Publishing}
}



@misc{pp1,
    author  = "{\textsc{Quantum Espresso}}",
    title   = "{PS} Library",
    howpublished = "{\newline \url{http://www.quantum-espresso.org/pseudopotentials}}",
    year    = 2019
}



@book{peierls1955,
  title={Quantum Theory of Solids},
  author={Peierls, R E},
  publisher={Clarendon Press},
  address = "Oxford",
  year={1955},
}



@article{raman1971clustering,
  title={Clustering and solute-vacancy binding energies in {Al}-4.4\% {Zn} alloy with 0.01\% ternary additions},
  author={Raman, KS and Das, ESD and Vasu, KI},
  journal={Journal of Materials Science},
  volume={6},
  number={11},
  pages={1367--1378},
  year={1971},
  publisher={Springer}
}

@article{melikhova2006vacancy,
  title={Vacancy--solute complexes in aluminum},
  author={Melikhova, O and Kuriplach, J and {\v{C}}{\'\i}{\v{z}}ek, J and Proch{\'a}zka, I},
  journal={Applied surface science},
  volume={252},
  number={9},
  pages={3285--3289},
  year={2006},
  doi = "https://doi.org/10.1016/j.apsusc.2005.08.052",
  publisher={Elsevier}
}

@article{kong2014first,
  title={First-principles calculations of transition metal--solute interactions with point defects in tungsten},
  author={Kong, Xiang-Shan and Wu, Xuebang and You, Yu-Wei and Liu, CS and Fang, QF and Chen, Jun-Ling and Luo, G-N and Wang, Zhiguang},
  journal=actamat,
  volume={66},
  pages={172--183},
  year={2014},
  doi = "https://doi.org/10.1016/j.actamat.2013.11.044",
  publisher={Elsevier}
}


@article{simonovic2009impurity,
  title={Impurity diffusion activation energies in {Al} from first principles},
  author={Simonovic, Darko and Sluiter, Marcel HF},
  journal=prb,
  volume={79},
  number={5},
  pages={054304},
  year={2009},
  doi = "https://doi.org/10.1103/PhysRevB.79.054304",
  publisher={APS}
}

@article{hoshino1996local,
  title={Local-density-functional calculations for defect interactions in {Al}},
  author={Hoshino, Toshiharu and Zeller, R and Dederichs, PH},
  journal=prb,
  volume={53},
  number={14},
  pages={8971},
  year={1996},
  doi = "https://doi.org/10.1103/PhysRevB.53.8971",
  publisher={APS}
}


@book{neumann2011self,
  title={Self-Diffusion and Impurity Diffusion in Pure Metals: Handbook of Experimental Data},
  author={Neumann, Gerhard and Tuijn, Cornelis},
  year={2008},
  chapter={10},
  pages={333-348},
  publisher={Elsevier}
}


@book{paul2017handbook,
  title={Handbook of Solid State Diffusion: Volume 2: Diffusion Analysis in Material Applications},
  author={Paul, Aloke and Divinski, Sergiy},
  year={2017},
  chapter={8},
  pages={339-372},
  publisher={Elsevier}
}

@inbook{agarwala1992,
	author="Hj. Matzke",
    editor  = "R P Agarwala",
    title = "Diffusion Processes in Nuclear Fuels",
    booktitle = "Diffusion Processes in Nuclear Materials",
    publisher = "North-Holland",
    pages = "9--69",
    year = 1992
}

@article{olsson2010,
  title = {Ab initio study of solute transition-metal interactions with point defects in bcc Fe},
  author = {Olsson, P. and Klaver, T. P. C. and Domain, C.},
  journal = prb,
  volume = {81},
  issue = {5},
  pages = {054102},
  numpages = {12},
  year = {2010},
  month = {Feb},
  publisher = {American Physical Society},
  doi = {10.1103/PhysRevB.81.054102},
  url = {https://link.aps.org/doi/10.1103/PhysRevB.81.054102}
}


@article{vincent2005,
title = {Ab initio calculations of vacancy interactions with solute atoms in bcc Fe},
author = {Vincent, E and Becquart, CS and Domain, C},
journal = nimprb,
volume = {228},
number = {1--4},
pages = {137-141},
year = {2005},
doi = {https://doi.org/10.1016/j.nimb.2004.10.035},
url = {https://www.sciencedirect.com/science/article/pii/S0168583X0401095X},
}



@article{Romero2020,
    author = "Romero, Aldo H. and Allan, Douglas C. and Amadon, Bernard and
        Antonius, Gabriel and Applencourt, Thomas and Baguet, Lucas and
        Bieder, Jordan and Bottin, Fran{\c c}ois and Bouchet, Johann and
        Bousquet, Eric and Bruneval, Fabien and Brunin, Guillaume and
        Caliste, Damien and C{\^o}t{\'e}, Michel and Denier, Jules and
        Dreyer, Cyrus and Ghosez, Philippe and Giantomassi, Matteo and
        Gillet, Yannick and Gingras, Olivier and Hamann, Donald R. and
        Hautier, Geoffroy and Jollet, Fran{\c c}ois and Jomard, G{\'e}rald and
        Martin, Alexandre and Miranda, Henrique P. C. and
        Naccarato, Francesco and Petretto, Guido and Pike, Nicholas A. and
        Planes, Valentin and Prokhorenko, Sergei and Rangel, Tonatiuh and
        Ricci, Fabio and Rignanese, Gian-Marco and Royo, Miquel and
        Stengel, Massimiliano and Torrent, Marc and van Setten, Michiel J. and
        Troeye, Benoit Van and Verstraete, Matthieu J. and Wiktor, Julia and
        Zwanziger, Josef W. and Gonze, Xavier",
    title = "{ABINIT}: Overview, and Focus on Selected Capabilities",
    journal = jcp,
    volume = 152,
    number = 12,
    pages = 124102,
    doi = "10.1063/1.5144261",
    year = 2020
}


@article{hammond2020theoretical,
  title={Theoretical Model of Helium Bubble Growth and Density in Plasma-Facing
    Metals},
  author={Hammond, Karl D and Maroudas, Dimitrios and Wirth, Brian D},
  journal=scirep,
  volume=10,
  pages=2192,
  year=2020,
  doi = {10.1038/s41598-020-58581-8},
  publisher={Nature Publishing Group}
}

@article{samaras2009,
title = {Multiscale Modelling: The Role of Helium in Iron},
author = {Maria Samaras},
    journal = mattoday,
volume = {12},
number = {11},
pages = {46-53},
year = {2009},
issn = {1369-7021},
doi = {https://doi.org/10.1016/S1369-7021(09)70298-6},
url = {https://www.sciencedirect.com/science/article/pii/S1369702109702986},
}

@article{Hammond2017c,
    author  = "Hammond, Karl D.",
    title   = "Helium, Hydrogen, and Fuzz in Plasma-Facing Materials",
    journal = mrx,
    volume  = 4,
    number  = 10,
    pages   = 104002,
    doi     = "10.1088/2053-1591/aa8c22",
    year    = 2017,
}

@article{Kessel2019,
    author  = "C. E. Kessel and D. Andruczyk and J. P. Blanchard and T. Bohm
        and A. Davis and K. Hollis and P. W. Humrickhouse and M. Hvasta and
        M. Jaworski and J. Jun and Y. Katoh and A. Khodak and J. Klein and
        E. Kolemen and G. Larsen and R. Majeski and B. J. Merrill and
        N. B. Morley and G. H. Neilson and B. Pint and M. E. Rensink and
        T. D. Rognlien and A. F. Rowcliffe and S. Smolentsev and
        M. S. Tillack and L. M. Waganer and G. M. Wallace and P. Wilson and
        S.-J. Yoon",
    title = "Critical Exploration of Liquid Metal Plasma-Facing Components in a
        Fusion Nuclear Science Facility",
    journal = fst,
    volume  = 75,
    number  = 8,
    pages   = "886--917",
    doi     = "10.1080/15361055.2019.1610685",
    year    = 2019,
}

@article{Yang2008,
    author  = "Yang, L. and Zu, X. T. and Gao, F.",
    title   = "Ab Initio Study of Formation, Migration and Binding Properties
               of Helium--Vacancy Clusters in Aluminum",
    journal = physicab,
    volume  = 403,
    number  = 17,
    pages   = "2719--2724",
    doi     = "10.1016/j.physb.2008.02.015",
    month   = aug,
    year    = 2008
}

@article{Runevall2009,
    author  = "Runevall, O. and Sandberg, N.",
    title   = "Helium Cluster Dissolution in Molybdenum",
    journal = jpcm,
    volume  = 21,
    number  = 33,
    pages   = 335401,
    doi     = "10.1088/0953-8984/21/33/335401",
    year    = 2009
}

@article{Yang2011a,
    author  = "Yang, Li and Chen, RuCheng and Peng, ShuMing and Long, XingGui
        and Wu, ZhongCheng and Gao, Fei and Zu, XiaoTao",
    title   = "First-Principles Study of {He} Point-Defects in {HCP} Rare-Earth
        Metals",
    journal = scichinaphys,
    volume  = 54,
    number  = 5,
    pages   = "827--830",
    doi     = "10.1007/s11433-011-4310",
    month   = may,
    year    = 2011,
}

@article{Yang2011b,
    author  = "Yang, L. and S. M. Peng and X. G. Long and F. Gao and
        H. L. Heinisch and R. J. Kurtz and X. T. Zu",
    title   = "{\emph{Ab Initio}} Study of Stability and Migration of {H} and
        {He} in {hcp-Sc}",
    journal = jpcm,
    volume  = 23,
    pages   = 035701,
    doi     = "10.1088/0953-8984/23/3/035701",
    month   = jan,
    year    = 2011,
}

@article{Beeler2012,
    author  = "B. Beeler and B. Good and S. Rashkeev and C. Deo and M. Baskes
        and M. Okuniewski",
    title   = "First-Principles Calculations of the Stability and Incorporation
        of Helium, Xenon, and Krypton in Uranium",
    journal = jnm,
    volume  = 425,
    pages   = "2--7",
    doi     = "10.1016/j.jnucmat.2011.08.014",
    year    = 2012
}

@article{Seletskaia2008,
    author  = "Tatiana Seletskaia and Yuri Osetsky and R. E. Stoller and
        G. M. Stocks",
    title   = "First-Principles Theory of the Energetics of {He} Defects in
        {bcc} Transition Metals",
    journal = prb,
    volume  = 78,
    pages   = 134103,
    doi     = "10.1103/PhysRevB.78.134103",
    year    = 2008
}

@article{Liao2020,
    author  = "Liao, Liang-Xiang and Zhang, Xun and Ren, Cui-Lan and
        Zhang, Zheng-De and Huang, He-Fei and Ma, Guo-Hong and Huai, Ping",
    title   = "First-Principles Study of Helium Behavior in Nickel with Noble
        Gas Incorporation",
    journal = jap,
    volume  = 127,
    pages   = 175903,
    doi     = "10.1063/1.5145016",
    year    = 2020
}

@article{Sefta2013b,
    author  = "Sefta, Faiza and Hammond, Karl D. and Juslin, N. and
               Wirth, Brian D.",
    corauth = "Wirth, Brian D.",
    title   = "Tungsten Surface Evolution by Helium Bubble Nucleation,
               Growth, and Rupture",
    journal = nucfus,
    volume  = 53,
    number  = 7,
    pages   = 073015,
    doi     = "10.1088/0029-5515/53/7/073015",
    year    = 2013,
}

@incollection{Jonsson1998,
    author      = "J{\'o}nsson, Hannes and Mills, Greg and
                   Jacobsen, Karsten W.",
    title       = "Nudged Elastic Band Method for Finding Minimum Energy Paths
                   of Transitions",
    booktitle   = "Classical and Quantum Dynamics in Condensed Phase
                   Simulations",
    chapter     = 16,
    year        = 1998,
    pages       = "385--405",
    editor      = "Berne, Bruce J. and Ciccotti, Giovanni and
                   Coker, David F.",
    publisher   = "World Scientific",
    address     = "Singapore"
}

@article{sanchez2009impact,
  title={Impact of Lithium-Coated Walls on Plasma Performance in the {TJ-II}
    Stellarator},
  author={S{\'a}nchez, J and Tabar{\'e}s, F L and Tafalla, D and Ferreira, J A
    and Garc{\'\i}a-Cort{\'e}s, I and Hidalgo, C and Medina, F and
    Ochando, M A and Pedrosa, M A and {The TJ-II Team}},
  journal=jnm,
  volume={390},
  pages={852--857},
  year={2009},
  publisher={Elsevier}
}

