@article{becquart2007ab,
  title={Ab initio calculations about intrinsic point defects and He in W},
  author={Becquart, CS and Domain, C},
  journal={Nuclear Instruments and Methods in Physics Research Section B: Beam Interactions with Materials and Atoms},  volume={255},
  number={1},
  pages={23--26},
  year={2007},
  publisher={Elsevier}
}

@article{seletskaia2005magnetic,
  title={Magnetic interactions influence the properties of helium defects in iron},
  author={Seletskaia, Tatiana and Osetsky, Yuri and Stoller, Roger E and Stocks, George Malcolm},
  journal=prl,
  volume={94},
  number={4},
  pages={046403},
  year={2005},
  publisher={APS}
}

@article{giannozzi2009quantum,
    author  = "Paolo Giannozzi and Stefano Baroni and Nicola Bonini and
               Matteo Calandra and Roberto Car and Carlo Cavazzoni and
               Davide Ceresoli and Guido L. Chiarotti and Matteo Cococcioni and
               Ismaila Dabo and Dal Corso, Andrea and de Gironcoli, Stefano and
               Stefano Fabris and Guido Fratesi and Ralph Gebauer and
               Uwe Gerstmann and Christos Gougoussis and Anton Kokalj and
               Michele Lazzeri and Layla Martin-Samos and Nicola Marzari and
               Francesco Mauri and Riccardo Mazzarello and Stefano Paolini and
               Alfredo Pasquarello and Lorenzo Paulatto and Carlo Sbraccia and
               Sandro Scandolo and Gabriele Sclauzero and Ari P. Seitsonen and
               Alexander Smogunov and Paolo Umari and Renata M. Wentzcovitch",
    title   = "{QUANTUM ESPRESSO}: {A} Modular and Open-Source Software
               Project for Quantum Simulations of Materials",
    journal = jpcm,
    volume  = 21,
    number  = 39,
    pages   = 395502,
    doi     = "10.1088/0953-8984/21/39/395502",
    month   = sep, 
    year    = 2009,
    note    = "{\url{http://www.quantum-espresso.org/}}"
}

@article{Perdew1996b,
    author  = "John P. Perdew and Kieron Burke and Matthias Ernzerhof",
    title   = "Generalized Gradient Approximation Made Simple",
    journal = prl,
    volume  = 77,
    number  = 18,
    pages   = "3865--3868",
    month   = oct,
    year    = 1996
}

@article{Perdew1997,
    author  = "John P. Perdew and Kieron Burke and Matthias Ernzerhof",
    title   = "Generalized Gradient Approximation Made Simple (Errata)",
    journal = prl,
    volume  = 78,
    number  = 7,
    pages   = 1396,
    year    = 1997
}

@article{pack1977special,
  title={``Special Points for {B}rillouin-Zone Integrations''---A Reply},
  author={Pack, James D. and Monkhorst, Hendrik J.},
  journal=prb,
  volume={16},
  number={4},
  pages={1748--1749},
  year = {1977},
}

@article{blochl1994projector,
  title={Projector augmented-wave method},
  author={Bl{\"o}chl, Peter E.}, 
  journal=prb,
  volume={50},
  number={24},
  pages={17953},
  year={1994},
  publisher={APS}
}


@article{bell2009plasma,
  title={Plasma response to lithium-coated plasma-facing components in the National Spherical Torus Experiment},
  author={Bell, MG and Kugel, HW and Kaita, R and Zakharov, LE and Schneider, H and LeBlanc, BP and Mansfield, D and Bell, RE and Maingi, R and Ding, S and others},
  journal={Plasma Physics and Controlled Fusion},
  volume={51},
  number={12},
  pages={124054},
  year={2009},
  publisher={IOP Publishing}
}

@article{mirnov2003li,
  title={Li-CPS limiter in tokamak T-11M},
  author={Mirnov, SV and Lazarev, VB and Sotnikov, SM and Evtikhin, VA and Lyublinski, IE and Vertkov, AV and others},
  journal={Fusion Engineering and Design},
  volume={65},
  number={3},
  pages={455--465},
  year={2003},
  publisher={Elsevier}
}

@article{sanchez2009impact,
  title={Impact of lithium-coated walls on plasma performance in the TJ-II stellarator},
  author={S{\'a}nchez, J and Tabar{\'e}s, FL and Tafalla, D and Ferreira, JA and Garc{\'\i}a-Cort{\'e}s, I and Hidalgo, C and Medina, F and Ochando, MA and Pedrosa, MA and The, TJ-II},
  journal={Journal of nuclear materials},
  volume={390},
  pages={852--857},
  year={2009},
  publisher={Elsevier}
}

@article{tuccillo2009overview,
  title={Overview of the FTU results},
  author={Tuccillo, AA and Alekseyev, A and Angelini, B and Annibaldi, Silvia Valeria and Apicella, ML and Apruzzese, G and Berrino, J and Barbato, E and Bertocchi, A and Biancalani, A and others},
  journal={Nuclear Fusion},
  volume={49},
  number={10},
  pages={104013},
  year={2009},
  publisher={IOP Publishing}
}

@article{xu2011study,
  title={Study on H-mode access at low density with lower hybrid current drive and lithium-wall coatings on the EAST superconducting tokamak},
  author={Xu, GS and Wan, BN and Li, JG and Gong, XZ and Hu, JS and Shan, JF and Li, H and Mansfield, DK and Humphreys, DA and Naulin, Volker and others},
  journal={Nuclear Fusion},
  volume={51},
  number={7},
  pages={072001},
  year={2011},
  publisher={IOP Publishing}
}

@article{munaretto2012rfx,
  title={RFX-mod wall conditioning by lithium pellet injection},
  author={Munaretto, S and Dal Bello, S and Innocente, P and Agostini, M and Auriemma, F and Barison, S and Canton, A and Carraro, L and De Masi, G and Fiameni, S and others},
  journal={Nuclear Fusion},
  volume={52},
  number={2},
  pages={023012},
  year={2012},
  publisher={IOP Publishing}
}

@article{erents1971trapping,
  title={Trapping of keV deuterons in lithium},
  author={Erents, SK and McCracken, GM and Goldsmith, P},
  journal={Journal of Physics D: Applied Physics},
  volume={4},
  number={5},
  pages={672},
  year={1971},
  publisher={IOP Publishing}
}

@article{hartley1978potential,
  title={Potential lithium requirements for fusion power plants},
  author={Hartley, JN and Gore, BF and Young, JR},
  journal={Lithium Needs and Resources},
  pages={337--346},
  year={1978},
  publisher={Elsevier}
}

@article{allain2012lithium,
  title={Lithium-based surfaces controlling fusion plasma behavior at the plasma-material interface},
  author={Allain, Jean Paul and Taylor, Chase N},
  journal={Physics of Plasmas},
  volume={19},
  number={5},
  pages={056126},
  year={2012},
  publisher={American Institute of Physics}
}

@article{dal2014pseudopotentials,
  title={Pseudopotentials periodic table: From {H} to {Pu}},
  author={Dal Corso, Andrea},
  journal={Computational Materials Science},
  volume={95},
  pages={337--350},
  year={2014},
  publisher={Elsevier}
}

@misc{pp1,
    author  = "{Quantum Espresso}",
    title   = "{PS} Library",
    howpublished = "{\url{http://www.quantum-espresso.org/pseudopotentials}}",
    year    = 2019
}

@article{henkelman2000climbing,
  title={A Climbing Image Nudged Elastic Band Method for Finding Saddle Points
    and Minimum Energy Paths},
  author={Henkelman, Graeme and Uberuaga, Blas P and J{\'o}nsson, Hannes},
  journal=jcp,
  volume={113},
  number={22},
  pages={9901--9904},
  year={2000},
  publisher={American Institute of Physics}
}


@article{henkelman2000improved,
  title={Improved Tangent Estimate in the Nudged Elastic Band Method for
    Finding Minimum Energy Paths and Saddle Points},
  author={Henkelman, Graeme and J{\'o}nsson, Hannes},
  journal=jcp,
  volume={113},
  number={22},
  pages={9978--9985},
  year={2000},
  publisher={American Institute of Physics}
}



@article{frank1996first,
  title={First-principles calculations of absolute concentrations and self-diffusion constants of vacancies in lithium},
  author={Frank, W and Breier, U and Els{\"a}sser, C and F{\"a}hnle, M},
  journal=prl,
  volume={77},
  number={3},
  pages={518},
  year={1996},
  publisher={APS}
}

@article{ma2019effect,
  title={Effect of stress on vacancy formation and migration in body-centered-cubic metals},
  author={Ma, Pui-Wai and Dudarev, SL},
  journal=prmat,
  volume={3},
  number={6},
  pages={063601},
  year={2019},
  publisher={APS}
}

@incollection{LandoltBornstein1991,
author="Ehrnhar, P. and Jung, P. and Schultz, H. and Ullmaier, H",
title={{Landolt-B\"onstein} - {Group III Condensed Matter}},
editor="Ullmaier, H.",
booktitle = "Atomic Defects in Metals",
Volume = {25},
year = {1991},
publisher="Springer-Verlag Berlin Heidelberg",
doi="10.1007/10011948_25",
}
%url="https://materials.springer.com/lb/docs/sm_lbs_978-3-540-48128-7_25"

@article{benedek1992formation,
  title={Formation energy and lattice relaxation for point defects in Li and Al},
  author={Benedek, R and Yang, LH and Woodward, C and Min, BI},
  journal=prb,
  volume={45},
  number={6},
  pages={2607},
  year={1992},
  publisher={APS}
}

@article{Pawellek_1991,
	doi = {10.1088/0953-8984/3/14/024},
	url = {https://doi.org/10.1088/0953-8984/3/14/024},
	year = 1991,
	month = {apr},
	publisher = {{IOP} Publishing},
	volume = {3},
	number = {14},
	pages = {2451--2455},
	author = {R Pawellek and M Fahnle and C Elsasser and K -M Ho and C -T Chan},
	title = {First-principles calculation of the relaxation around a vacancy and the vacancy formation energy in {BCC} Li},
	journal = jpcm,
}

@article{frank1993properties,
  title={Properties of monovacancies and self-interstitials in bcc Li: An ab initi pseudopotential study},
  author={Frank, W and Breier, U and Els{\"a}sser, C and F{\"a}hnle, M},
  journal=prb,
  volume={48},
  number={10},
  pages={7676},
  year={1993},
  publisher={APS}
}

@article{ma2019,
  title = {Universality of point defect structure in body-centered cubic metals},
  author = {Ma, Pui-Wai and Dudarev, S. L.},
  journal = prmat,
  volume = {3},
  issue = {1},
  pages = {013605},
  numpages = {16},
  year = {2019},
  month = {Jan},
  publisher = {American Physical Society},
  doi = {10.1103/PhysRevMaterials.3.013605},
  url = {https://link.aps.org/doi/10.1103/PhysRevMaterials.3.013605}
}

@article{fu2005,
  title = {Ab initio study of helium in $\ensuremath{\alpha}\text{\ensuremath{-}}\mathrm{Fe}$: Dissolution, migration, and clustering with vacancies},
  author = {Fu, Chu-Chun and Willaime, F.},
  journal = prb,
  volume = {72},
  issue = {6},
  pages = {064117},
  numpages = {6},
  year = {2005},
  month = {Aug},
  publisher = {American Physical Society},
  doi = {10.1103/PhysRevB.72.064117},
  url = {https://link.aps.org/doi/10.1103/PhysRevB.72.064117}
}

